3132 4988
266 637 340 683 Hem
349 634 393 676 111.

264 687 290 725 Δ.
297 685 324 724 1).
333 686 390 724 125⁸.

250 737 401 751 ,ιώ-

254 771 300 809 The
308 766 378 817 king'r

254 820 349 858 brother·

253 869 323 908 refuso
332 871 354 905 to

254 919 305 957 take
313 917 350 955 the
359 925 389 954 re·

254 967 329 1016 quiret
335 965 405 1005 eutha

255 1131 301 1170 The
309 1139 357 1178 pro·

256 1179 336 1218 viriam
345 1177 369 1217 oi

256 1229 344 1268 oxford.

411 445 478 509 806
778 453 987 501 ouaoureou

415 622 531 679 autem
543 613 648 693 regie,
666 610 745 692 ‘qui
758 607 886 672 eraut’¹
903 614 1065 690 quatuor,
1081 605 1284 670 nolentesin
1300 603 1367 665 hac

416 721 515 796 parte
531 711 736 785 consentire,
748 708 883 773 occulte
899 708 1038 791 quidem
1050 711 1275 778 recesserunt,
1290 710 1365 765 ten·

417 809 760 877 dentesWiutouiam
774 833 783 882 3
807 809 956 888 iratique
967 808 1113 869 barones
1123 803 1270 866 insecuti
1283 807 1366 863 sunt

417 931 477 976 eos
492 930 561 975 uno
575 908 679 973 corde
705 913 740 970 et
764 907 879 969 auimo
897 905 992 969 velut
1018 903 1126 968 catuli
1147 903 1287 965 leonum
1308 918 1365 961 ru-

418 1013 564 1092 gienteS,
594 1027 637 1071 ne
666 1006 756 1070 forte
786 1005 959 1067 munirent
996 1002 1158 1085 praesidio
1189 1000 1367 1063 civitatem

418 1113 633 1190 occupatam,
649 1123 795 1187 cumque
817 1122 877 1166 eos
899 1120 1098 1184 comparere
1122 1098 1369 1180 compellerent

419 1218 455 1271 et
469 1206 711 1288 cognovissent
723 1221 784 1266 eos
798 1203 834 1264 in
845 1199 1141 1268 suacontumacia
1155 1214 1368 1280 permanere,

419 1310 617 1369 statuerunt
640 1309 789 1382 statuta,
808 1301 975 1382 imprimis
991 1299 1083 1380 quod
1097 1298 1141 1360 ad
1157 1304 1267 1360 terras
1285 1313 1368 1356 suas

418 1423 507 1486 quas
532 1404 567 1466 in
590 1402 749 1482 partibus
764 1398 1001 1462 transmarinis
1017 1396 1190 1460 habebant
1204 1393 1371 1457 transfre-

420 1508 545 1566 tarent.
598 1500 645 1563 Et
667 1499 732 1561 hoc
756 1497 894 1579 quidem
916 1502 1087 1559 statutum
1108 1495 1226 1559 statim
1242 1511 1367 1554 execu-

420 1601 506 1664 tioni
534 1598 758 1673 mandabant,
781 1615 864 1676 rege
888 1615 952 1676 pro
980 1595 1029 1658 eis
1056 1593 1305 1658 interveniente
1334 1597 1370 1652 et

421 1699 539 1762 multis
562 1697 720 1778 precibus
744 1694 973 1776 supplicante,
999 1693 1060 1756 sed
1082 1699 1197 1756 tamen
1212 1689 1371 1754 exaudiri

422 1817 491 1860 nou
516 1796 630 1878 potuit
655 1794 768 1877 quoad
793 1793 870 1856 hoc.
910 1791 1116 1855 Statuerunt
1146 1791 1249 1853 etiam
1275 1787 1369 1868 quod

422 1911 542 1959 omnes
571 1893 785 1973 alienigenae,
814 1891 1049 1973 cujuscunque
1074 1888 1280 1952 conditionis
1305 1906 1368 1949 ex-

422 1996 567 2058 isterent
587 2011 647 2055 seu
670 1991 832 2066 nationis,
846 1988 1027 2053 confestim
1041 1988 1283 2069 repatriarent,
1304 1986 1370 2048 sub

424 2110 530 2174 poena
559 2091 788 2153 membrorum
810 2097 846 2153 et
863 2087 955 2151 vitae.
1002 2087 1207 2150 statuerunt
1233 2083 1370 2147 adhoc

425 2190 517 2272 quod
537 2188 697 2251 siteneat
712 2187 847 2267 quiade
863 2205 944 2266 rege
963 2187 1000 2249 in
1019 2193 1130 2267 parte,
1147 2192 1184 2248 et
1199 2189 1208 2217 ‘
1222 2180 1371 2247 teueat’2

424 2287 581 2350 similiter
593 2286 636 2349 de
653 2285 731 2348 aliis
747 2284 893 2348 dominis
908 2304 972 2366 pro
990 2284 1135 2347 diversis
1149 2283 1318 2365 partibus,
1342 2282 1372 2343 si

425 2386 469 2448 de
502 2404 543 2447 eo
573 2383 771 2446 humanitus
799 2383 993 2464 contigerit,
1023 2383 1158 2446 haerede
1187 2400 1252 2444 suo
1278 2379 1373 2442 infra

425 2491 564 2548 aetatem
587 2482 778 2562 legitimam
801 2481 984 2558 existente,
1002 2481 1095 2562 quod
1116 2500 1178 2544 rex
1201 2480 1372 2542 haeredem

426 2582 553 2646 habeat
567 2601 645 2645 cum
659 2585 752 2644 terra
768 2599 872 2661 quam
895 2581 937 2645 de
963 2579 1114 2643 dominio
1133 2580 1244 2660 ipsius
1266 2586 1373 2654 tenet,

427 2687 462 2742 et
485 2680 603 2743 caeteri
617 2679 745 2742 domini
766 2678 916 2742 habeant
937 2686 1046 2742 terras
1063 2678 1104 2740 de
1121 2677 1231 2741 feodis
1253 2697 1373 2741 eorum

427 2796 536 2857 usque
554 2776 597 2838 ad
614 2783 752 2839 aetatem
773 2776 929 2853 haeredis,
945 2785 980 2841 et
995 2783 1163 2853 escaetas,
1179 2783 1214 2839 et
1231 2777 1373 2851 relevio,

426 2874 663 2955 unusquisque
699 2892 818 2937 eorum
854 2875 1041 2937 secundum
1077 2883 1211 2956 partem
1242 2881 1376 2938 tenurae

428 2991 510 3035 suae.
543 2970 749 3035 Statuerunt
763 2972 905 3054 insuper
920 2973 1010 3054 quod
1027 2973 1116 3036 lanae
1133 2981 1235 3037 terrae
1252 2993 1375 3054 opera-

427 3077 546 3134 rentur
560 3071 598 3133 iu
622 3068 752 3150 Anglia
778 3091 841 3134 uec
868 3071 1069 3152 alienigenis
1085 3072 1322 3146 venderentur,
1341 3079 1377 3134 et

429 3170 522 3251 quod
544 3189 662 3233 omnes
682 3176 862 3233 uterentur
875 3172 999 3251 pannis
1013 3170 1123 3233 laneis
1137 3169 1226 3232 iufra
1248 3169 1377 3233 limites

430 3275 530 3332 terrae
547 3269 712 3350 operatis,
727 3287 790 3330 nec
813 3269 938 3330 ‘nimis
964 3269 1135 3351 pretiosas
1149 3275 1263 3332 vestes
1280 3287 1376 3350 quae-

429 3365 585 3430 rerent.'³
636 3365 725 3429 Item
757 3366 848 3448 quod
879 3386 1051 3448 expensas
1074 3367 1314 3448 voluptuarias
1340 3375 1377 3430 et

430 3464 623 3545 superfluas
633 3483 751 3527 omnes
766 3484 941 3546 proposse
952 3466 1154 3530 devitarent.
1186 3464 1269 3528 Alie
1283 3485 1377 3546 quae·

430 3562 510 3625 dam
531 3569 665 3626 statuta
681 3569 763 3626 suut
786 3569 822 3626 et
845 3563 1004 3628 ordinata
1030 3583 1108 3646 quae
1134 3582 1240 3627 causa
1264 3565 1380 3628 brevi-

269 3662 514 3730 mnynromtatis
529 3661 660 3741 scripta
683 3679 750 3722 non
774 3668 855 3724 srmt
877 3662 913 3724 in
937 3661 1024 3726 libro
1048 3663 1125 3726 hoc.
1179 3662 1380 3744 Moratique

269 3731 379 3780 poisoned.

431 3764 512 3819 sunt
525 3756 651 3819 ibidem
668 3777 730 3838 per
751 3758 824 3820 dies
850 3776 912 3823 xv.
939 3766 975 3823 et
998 3761 1098 3824 multi
1114 3779 1247 3823 veneno
1268 3762 1380 3842 perie-

431 3861 531 3928 runt;
557 3855 730 3918 extinctus
754 3863 807 3920 est
833 3857 922 3920 enim
944 3859 1052 3922 abbas
1074 3857 1382 3922 Westmonasteri·

431 4035 629 4156 22:132}ss
643 4037 718 4087 Μεθ’
737 4037 804 4089 con'
820 4039 892 4089 Am
952 4071 962 4101 ³
979 4073 1385 4136 ‘uimispretiosisvestibusute

466 4172 606 4224 ’omitted
617 4178 644 4223 n
655 4176 713 4224 urs
725 4176 790 4226 0011.
803 4177 875 4225 Arm.
916 4143 1194 4207 rentur,⁹1us‚1„,„,1⁸
