3122 4982
389 524 558 572 wanrnai
581 525 629 572 nn
652 523 935 574 annincnuncff.
1066 512 1132 578 229

179 679 336 762 Cumque
353 681 434 747 vitae
455 683 564 763 ipsius
582 681 678 747 nulla
692 689 783 745 esset
799 701 890 764 spes,
909 691 944 748 et
959 683 1130 750 horrenda
1156 700 1247 740 aicham
1258 701 1276 739 1·

178 798 270 842 mors
285 781 361 864 jam
383 787 396 816 ⁴
409 779 577 862 pateret'¹
601 781 637 843 in
657 781 787 864 januis
808 782 983 864 ingressus
1006 792 1060 847 est
1083 785 1126 848 ad
1155 752 1284 790 A'D'm'

178 897 256 941 eum
271 880 330 942 ille
344 880 523 944 Walterus
541 879 833 961 Rothomagensis
848 881 1127 966 archiepiscopus
1139 905 1289 944 warman-

178 976 220 1039 de
255 997 324 1060 quo
357 998 463 1061 supra
490 979 635 1042 fecimus
667 979 894 1054 mentionem3
936 990 971 1045 et
1001 982 1052 1045 ait
1081 955 1245 1060 eiiiih‘ihf's

178 1081 199 1110 “
215 1075 372 1159 Dispone
406 1078 524 1141 domui
561 1085 643 1154 tuae,
676 1077 706 1140 Ο
735 1079 818 1146 rex!
856 1079 939 1161 quia
969 1081 1127 1146 morieris

177 1182 214 1238 tu
245 1184 279 1240 et
309 1196 377 1240 non
404 1178 500 1241 vives
514 1175 565 1240 :''2
590 1177 647 1240 cui
671 1196 746 1253 rex,
776 1181 799 1212 “
812 1178 920 1241 Minae
944 1186 1038 1260 sunt,
1053 1180 1125 1262 epi·

176 1293 291 1356 scope,
307 1283 343 1338 ct
360 1277 458 1358 quasi
472 1275 574 1340 trusae
589 1294 678 1358 quas
694 1276 846 1358 loqueris
859 1277 896 1342 :”
919 1279 980 1341 cui
992 1279 1126 1360 episco÷

177 1393 254 1455 pus
282 1374 398 1438 “Non
425 1382 506 1440 sunt
537 1374 650 1452 trusae,
677 1395 754 1452 rex,
780 1376 840 1438 sed
865 1376 1080 1441 ‘infallibilis
1095 1375 1126 1412 ’³

177 1493 269 1536 mors
298 1474 333 1536 in
358 1475 477 1556 januis
507 1482 541 1538 te
569 1473 778 1557 expectat:''
802 1476 859 1538 cui
883 1495 959 1552 rex,
994 1476 1125 1554 “Quid

176 1591 260 1653 ergo
276 1573 328 1636 vis
343 1580 382 1636 nt
393 1574 520 1638 faciam
530 1573 574 1638 i''
599 1572 647 1637 At
664 1573 736 1649 ille,
750 1578 772 1606 “
784 1572 911 1654 Cogita
927 1575 970 1638 de
987 1575 1126 1640 filiabus

176 1673 245 1734 tuis
275 1672 487 1749 maritandis„
520 1681 554 1736 et
581 1691 647 1754 age
672 1673 961 1753 poenitentiam:”
986 1683 1020 1740 et
1049 1695 1126 1752 rex,

176 1770 294 1834 “Hoc
317 1772 482 1854 estquod
509 1772 619 1854 primo
643 1771 728 1847 dixi,
753 1771 854 1834 trusae
879 1780 961 1836 sunt
978 1773 1127 1856 ‘quas'⁴

177 1869 341 1950 loqueris,
364 1877 401 1934 tu
425 1872 514 1935 enim
535 1871 627 1934 nosti
648 1889 702 1934 me
724 1870 813 1934 filios
839 1879 900 1934 aut
927 1871 1016 1936 filias
1038 1893 1124 1936 nun-

176 1987 280 2049 quam
298 1989 496 2050 procreasse
508 1970 540 2034 :’‘
556 1977 591 2034 et
607 1969 802 2051 episcopus
815 1975 837 2003 “
850 1969 974 2047 Immo,
991 1970 1021 2033 Ο
1038 1991 1099 2034 rex
1116 1975 1124 2036 l

78 2154 79 2157 Ἴ
174 2073 245 2130 tres
274 2068 381 2132 habes
411 2069 512 2146 filias,
543 2076 577 2132 et
607 2068 667 2134 diu
692 2068 861 2149 estquod
885 2088 944 2132 eas
975 2069 1124 2133 habuisti

173 2173 209 2230 ct
233 2166 371 2245 aluisti3
405 2168 669 2249 primogenitam
699 2168 790 2232 enim
815 2176 911 2231 tuam
936 2168 1043 2232 habes
1065 2188 1123 2233 su·

175 2267 343 2348 perhiam,
370 2268 557 2332 secundam
590 2267 785 2343 avaritiam,
816 2274 851 2332 et
879 2269 1014 2332 tertiam
1046 2268 1123 2331 lux-

174 2366 306 2430 uriam:
346 2367 409 2430 has
448 2367 538 2430 enim
575 2367 739 2442 habuisti,
772 2373 807 2429 et
839 2387 944 2450 supra
985 2366 1123 2431 modum

173 2464 328 2529 dilexisti
344 2485 367 2528 a
376 2466 559 2549 juventute
574 2472 636 2530 tua
648 2466 685 2528 :'’
701 2471 724 2500 “
737 2464 901 2541 Verum,”
919 2467 1032 2548 inquit
1047 2487 1123 2543 rex,

173 2565 293 2628 “istas
316 2565 433 2642 habui,
457 2569 493 2630 'et
512 2583 570 2630 eas
587 2565 636 2628 sic
652 2565 813 2629 maritare
829 2564 928 2639 volo;
953 2566 1123 2647 primoge-

174 2663 283 2725 nitam
315 2665 406 2728 enim
434 2684 557 2740 meam,
583 2663 715 2727 scilicet
740 2663 947 2745 superbiam,
972 2665 1124 2728 concedo

175 2761 394 2844 Templariis,
412 2764 471 2844 qui
486 2763 580 2826 fastu
597 2770 741 2839 tument,
759 2770 794 2826 et
810 2782 881 2842 prae
896 2763 1029 2827 cacteris
1044 2771 1126 2830 sunt

175 2860 276 2940 elati3
314 2863 500 2926 secundam
531 2881 614 2926 vero
643 2863 775 2926 scilicet
806 2863 989 2928 avaritiam
1022 2859 1126 2928 ‘do'⁵

175 2960 351 3025 monachis
384 2963 507 3042 griseis
538 2961 597 3043 qui
622 2961 780 3025 omnihus
806 2962 928 3025 vicinis
960 2963 1033 3026 suis
1063 2983 1125 3044 per

175 3060 358 3123 avaritiam
384 3069 509 3125 nocent
534 3067 574 3126 ut
598 3060 727 3124 diaboli
755 3060 942 3138 effraenati3
967 3062 1124 3126 ultimam

175 3167 304 3236 autem,
320 3159 451 3223 scilicet
468 3160 653 3236 luxuriam,
668 3161 808 3240 assigno
822 3158 1001 3222 monachis
1017 3159 1126 3240 nigris

174 3260 234 3338 qui
257 3266 375 3324 assata
397 3267 432 3324 et
454 3259 545 3322 frixa
567 3259 751 3323 comedunt
773 3276 949 3339 nunquam
971 3257 1124 3323 satiati.’²

176 3355 252 3422 Ista
276 3359 367 3421 enim
386 3359 453 3423 tria
476 3359 650 3422 hominum
676 3376 802 3440 genera
820 3357 898 3420 odio
914 3356 1034 3418 hahuit
1048 3375 1124 3434 rex,

174 3463 210 3519 ct
223 3457 304 3520 ideo
320 3478 392 3540 pree
410 3459 545 3522 caeteris
561 3459 754 3522 nominatas
766 3456 854 3518 filias
872 3457 921 3519 eis
937 3455 1125 3520 maritavit.

175 3553 233 3620 Ad
256 3556 331 3619 haec
352 3556 411 3620 ille
431 3559 626 3640 episcopus
661 3557 777 3622 “Non
793 3555 945 3636 loquaris
963 3556 1024 3630 ita,
1048 3575 1126 3630 rem,

175 3657 339 3735 quoniam
374 3662 510 3738 tempus
544 3656 763 3722 resolutionis
797 3664 866 3722 tuae
903 3656 1010 3720 instat
1036 3655 1125 3737 jam,

176 3760 210 3816 ct
224 3773 333 3837 prope
348 3762 421 3819 est:
434 3756 454 3782 ''
478 3764 512 3821 et
528 3775 603 3831 rex,
622 3760 645 3790 “
659 3754 788 3832 Quid,'’
802 3755 924 3837 inquit,
943 3759 964 3788 ‘⁸
977 3753 1060 3817 mihi
1073 3754 1123 3818 fa,

174 3852 333 3915 ciendum
362 3854 467 3917 estt''
522 3853 569 3920 At
583 3854 658 3930 ille,
672 3853 819 3934 “Age’'
836 3855 960 3935 inquit,
977 3859 999 3887 “
1015 3855 1125 3938 poeni·

175 3953 333 4026 tentiam,
349 3959 384 4019 et
398 3953 554 4017 confiteri
569 3960 714 4036 peccata
728 3973 807 4034 quae
823 3952 1035 4026 commisisti,
1048 3970 1126 4013 con-

209 4127 218 4159 ¹
235 4128 362 4190 ‘patens‚'
373 4129 432 4178 MS.
443 4130 538 4179 Lansd.
699 4124 709 4154 ³
727 4124 917 4188 ‘inevitabilis,'
929 4123 1126 4175 Macetum.

210 4197 252 4246 ²2
283 4199 366 4261 Kings
399 4214 444 4248 xx.
478 4205 501 4249 l.
552 4198 639 4248 Isuiuh
700 4192 824 4258 ⁴‘quae‚¹
838 4195 894 4244 MS.
907 4195 975 4244 Coit.
987 4195 1045 4243 Tib.

174 4269 285 4316 xxxviii.
298 4271 320 4316 l.
701 4258 711 4288 ⁵
728 4265 841 4317 Omitted
853 4266 881 4313 in
892 4265 949 4315 MS.
961 4264 1027 4316 Coll.
1038 4263 1110 4316 Arm.
