3132 4988
383 482 428 545 76
757 491 967 540 cuaourcou

231 673 354 762 r⁸h¹³¹¹o⁶⁰ri
384 651 534 734 negotia,
560 651 596 713 in
620 649 776 714 omnibus
799 641 983 712 arridente
996 647 1137 712 fortuna
1159 639 1339 729 prospera-

222 750 441 816 ··'-'-'tus
457 757 520 814 est.
573 809 575 814 ,

386 947 539 1028 Quomodo
554 949 622 1012 Rea
637 955 665 1012 et
682 948 785 1011 Comes
799 944 978 1011 concordati
990 951 1073 1019 suut,
1089 952 1117 1008 at
1130 965 1192 1029 qao
1209 944 1339 1009 Forma.

436 1079 530 1142 Dum
551 1079 626 1142 haee
647 1078 711 1140 sub
733 1083 859 1142 eventu
885 1074 1035 1157 pendulo
1059 1075 1148 1139 inter
1170 1095 1286 1157 regem
1306 1085 1341 1139 et

220 1199 359 1241 nnana.
384 1177 507 1241 ducem
526 1176 705 1241 altercatio
726 1174 931 1250 traheretur,
956 1174 1163 1238 Eustachius
1186 1175 1340 1256 ejusdem

218 1250 326 1291 ‘mm'
385 1275 476 1356 regis
500 1275 590 1338 filius
611 1275 834 1337 immaturata
856 1279 965 1336 morte
988 1273 1155 1349 discessit,
1178 1292 1340 1354 magnam

384 1373 593 1437 seminandae
617 1373 712 1454 pacis
736 1372 950 1435 occasionem
978 1371 1056 1434 ‘sui
1080 1371 1254 1435 demedio
1277 1374 1339 1435 ab·

384 1472 515 1536 latione
529 1468 769 1553 relinqueus;'¹
796 1490 837 1533 eo
858 1470 987 1552 quippe
1005 1470 1202 1550 superstite,
1222 1477 1339 1551 partes
1382 1497 1385 1502 ·

385 1571 476 1634 uniri
499 1589 568 1633 uon
586 1576 758 1652 poterant,
775 1574 849 1631 tum
875 1575 1016 1651 propter
1032 1569 1222 1652 juvenilem
1245 1569 1338 1652 ejus·
1417 1599 1425 1609 ·

384 1669 462 1732 dem
487 1669 709 1732 acrimoniam
738 1674 812 1731 tum
840 1673 980 1749 propter
1007 1668 1097 1749 regis
1127 1667 1338 1732 Francorum

384 1767 544 1832 fiduciam
565 1787 669 1850 quam
689 1786 734 1830 ex
756 1765 923 1830 affinitate
938 1773 1173 1843 contraxerat,
1188 1786 1230 1831 eo
1245 1767 1339 1850 quod

383 1884 536 1930 sororem
565 1886 664 1930 suam
681 1866 831 1930 duxerat
851 1866 887 1928 iu
915 1885 1079 1938 uxorem
1107 1873 1254 1948 utroque
1276 1886 1338 1930 au·

384 1972 452 2028 tem
480 1967 576 2048 pacis
604 1965 850 2047 impedimento
872 1983 934 2046 per
956 1965 1058 2027 unius
1080 1963 1228 2028 hominis
1249 1985 1337 2029 mor·

383 2070 452 2127 tem
481 2065 530 2127 sic
558 2064 689 2140 ablato,
716 2063 895 2127 confestim
925 2063 988 2125 viri
1017 2062 1153 2144 pacifici
1183 2063 1225 2126 dc
1252 2083 1338 2144 pace

384 2163 561 2227 suadenda
593 2170 698 2244 atque
732 2162 913 2226 formanda
948 2162 1151 2243 propensius
1185 2163 1338 2243 cogitare

383 2268 573 2341 coeperunt.
626 2260 855 2324 Exulceratus
875 2267 990 2323 autem
1013 2280 1075 2322 rex
1093 2261 1129 2323 iu
1150 2268 1260 2324 morte
1278 2260 1339 2324 filii

383 2359 444 2440 qui
473 2359 538 2421 sibi
568 2377 789 2422 successurus
817 2360 1032 2440 sperabatur,
1056 2378 1160 2422 voces
1191 2359 1337 2423 suaden-

220 2489 345 2530 ΗΜ,
383 2457 469 2519 tium
501 2476 620 2538 pacem
655 2457 758 2521 solito
794 2458 982 2538 patientius
1014 2458 1185 2522 audiebat.
1253 2459 1338 2522 Dux

383 2564 512 2632 autem,
526 2555 746 2636 prudentium
758 2555 946 2620 inclinatus
961 2557 1123 2633 consiliis,
1140 2564 1177 2620 ut
1194 2557 1339 2621 honesto

383 2661 419 2717 et
452 2654 563 2717 solido
591 2653 712 2717 soederi
745 2673 847 2719 casus
885 2663 1109 2737 postponeret
1144 2657 1336 2737 ambiguos,

382 2744 563 2832 gratanter
579 2753 769 2834 adquievit,
788 2753 987 2836 placuitque
1004 2755 1170 2818 intereos
1188 2755 1339 2818 solemne

221 2880 371 2920 remonon.
383 2859 418 2913 et
433 2851 571 2915 salubre
586 2852 794 2934 colloquium
810 2852 995 2926 celebrari;
1023 2854 1082 2916 ubi
1098 2854 1216 2917 amicis
1231 2855 1337 2917 medi-

220 2931 346 3019 ssifflsiil
384 2948 535 3026 autibus,
553 2956 588 3014 et
605 2951 697 3014 circa
714 2952 841 3014 bouum
860 2953 1034 3033 publicum
1052 2953 1111 3033 pia
1128 2960 1162 3016 et
1179 2953 1339 3034 prudenti

235 3030 335 3127 {w
384 3046 579 3130 provisione
604 3048 856 3131 satagentibus,
882 3069 953 3131 pax
978 3051 1070 3114 iuter
1095 3069 1154 3113 eos
1178 3060 1213 3114 et
1238 3060 1339 3116 caute

221 3129 275 3168 '‘⁰''
286 3128 305 3168 ⁷·
383 3145 532 3210 formata
547 3154 582 3211 et
596 3147 705 3212 solide
720 3147 858 3211 firmata
874 3154 946 3213 est:
970 3149 1212 3232 decretumque
1230 3158 1283 3214 est
1299 3158 1339 3215 ut

383 3243 581 3327 Stephanus
599 3246 784 3311 decaetero
804 3253 968 3327 tauquam
987 3247 1146 3330 princeps
1163 3248 1338 3329 legitimus

383 3341 518 3425 integre
533 3346 569 3409 in
586 3344 716 3427 Anglia
736 3365 813 3410 cum
830 3344 941 3426 gloria
963 3353 998 3409 et
1015 3345 1144 3409 honore
1164 3354 1338 3427 regnaret,

221 3463 323 3512 renna
336 3464 372 3504 a.
385 3439 561 3506 Henricus
589 3463 672 3508 vero
705 3445 737 3507 ei
763 3450 929 3524 tauquam
959 3443 1069 3508 haeres
1100 3444 1275 3524 legitimus
1303 3447 1339 3509 in

219 3513 352 3602 ihi‘hiif
384 3560 491 3621 regno
508 3542 719 3606 succederet.
772 3541 877 3606 Hauc
896 3541 992 3622 pacis
1008 3543 1154 3606 formam
1173 3550 1337 3625 tauquam

218 3612 302 3658 ‘hm'
383 3639 503 3701 utilem
519 3647 553 3702 et
571 3638 751 3702 honestam
772 3641 932 3721 princeps
953 3647 1098 3722 uterque
1120 3642 1339 3722 amplexatus

382 3742 449 3810 est,
467 3742 502 3798 et
518 3737 554 3799 iu
570 3745 708 3800 mutuos
724 3737 842 3800 multis
860 3756 931 3819 prae
949 3739 1076 3820 gaudio
1093 3739 1338 3822 lachrymanti-

383 3829 447 3896 bus
467 3853 504 3898 se
522 3834 689 3898 dederuut
709 3834 902 3916 amplexus,
917 3845 952 3902 et
971 3857 1033 3901 rex
1055 3837 1193 3921 quidem
1216 3839 1338 3903 ducem

382 3932 552 4015 adoptans
581 3934 618 3996 in
642 3933 748 3997 filium
775 3954 854 3998 eum
881 3935 1081 4000 solemniter
1104 3956 1338 4001 successorem

382 4050 482 4095 suum
503 4033 712 4112 declaravit3
744 4034 816 4097 dux
839 4054 923 4098 vero
947 4054 1062 4116 regem
1085 4043 1249 4118 tauquam
1275 4056 1337 4118 pa·

406 4266 519 4303 0.l.
