3132 4988
284 643 357 692 lienry
367 643 397 683 11.

280 695 305 732 Δ.
313 694 338 732 D.
349 694 404 733 llll.

267 935 313 974 The
322 935 398 973 orutleu

266 987 290 1023 ot
296 987 332 1024 tlte
342 985 392 1024 Eurl

267 1035 291 1074 ol
298 1035 404 1074 Leieerter

265 1086 385 1124 sumendor.

266 1333 316 1373 Eurl
325 1332 395 1372 David

264 1383 338 1423 retiret
356 1386 377 1422 to

265 1434 371 1474 scotland.

425 452 490 516 114
791 464 1000 512 cunouroou

427 625 531 708 regiae
561 623 734 687 voluntati
760 623 954 704 parituros3
990 640 1051 684 rex
1084 622 1159 703 ipse
1188 621 1379 703 respondit,

427 729 449 758 “
466 723 563 788 Nihil
580 742 683 804 super
700 722 765 786 hac
783 723 958 786 vobiscum
978 721 1178 802 paciscar;''
1207 729 1242 784 et
1256 721 1379 796 sacris,

428 831 468 887 ut
480 823 615 899 dicitur,
626 821 800 898 adhibitis,
809 821 953 905 juravit,
968 819 1096 897 dicens,
1107 826 1128 855 “
1141 820 1198 884 Sic
1212 840 1265 883 me
1279 821 1378 883 Deus

429 922 572 1006 adjuvet
586 930 621 986 et
634 922 708 985 haec
728 939 840 997 sacra,
862 921 945 1002 quia
964 939 1078 983 comes
1095 919 1292 984 Leicestriae
1307 937 1377 983 non

429 1023 584 1103 gustabit
609 1022 805 1103 quicquam,
831 1020 939 1082 donec
965 1019 1008 1082 de
1039 1019 1192 1083 castellis
1214 1019 1290 1102 ejus
1315 1018 1379 1082 fiat

429 1121 521 1204 quod
539 1121 637 1195 volo;
661 1127 854 1184 vosautem
871 1119 962 1182 abite
977 1119 1179 1182 maturius.’'
1215 1119 1314 1182 Tunc
1327 1117 1380 1180 illi

428 1228 560 1285 certum
584 1219 721 1284 domino
750 1239 812 1283 suo
841 1219 986 1282 exitium
1015 1218 1191 1283 imminere
1211 1217 1378 1292 videnteS,

427 1320 636 1383 munitiones
657 1319 749 1383 illico
776 1319 1017 1400 resignarunt:
1041 1337 1156 1382 comes
1171 1326 1285 1381 autem
1306 1317 1380 1379 Da·

428 1418 487 1482 vid
510 1419 570 1500 qui
594 1419 707 1482 fuerat
729 1417 889 1500 princeps
914 1436 1044 1493 eorum,
1071 1417 1191 1480 relicto
1216 1416 1377 1480 ‘Hume-

428 1515 608 1581 dunensi'¹
626 1517 781 1593 castello,
797 1516 889 1600 quod
901 1535 985 1580 mox
999 1518 1074 1598 regi
1091 1518 1206 1592 cessit,
1224 1515 1378 1597 trepidus

426 1617 464 1680 in
486 1617 638 1681 scotiam
661 1616 805 1698 aufugit.
859 1615 983 1680 Comes
1007 1626 1123 1680 autem
1148 1616 1379 1680 Ferrariensis
1428 1673 1430 1676 .

428 1725 464 1780 et
476 1716 582 1798 Hugo
596 1716 755 1798 BigotuS,
766 1715 1055 1781 ‘occasionibus’2
1072 1716 1114 1780 de
1129 1735 1214 1798 pace
1224 1722 1260 1780 et
1270 1714 1380 1778 fideli-

429 1824 501 1880 tate
517 1817 695 1898 prestitis,
711 1817 747 1878 in
767 1816 881 1879 foedus
905 1815 1039 1895 regium
1059 1823 1182 1897 sponte
1199 1822 1378 1879 venerunt.

351 1943 380 1982 ur
431 1915 550 1979 Rebus
579 1916 686 1997 igitur
700 1916 736 1979 iu
752 1914 892 1996 Anglia,
909 1915 985 1978 Deo
1010 1916 1173 1998 propitio,
1196 1915 1239 1978 ad
1257 1921 1379 1978 votum

314 2043 327 2081 r
430 2014 618 2098 dispositis,
641 2036 704 2079 rex
744 2034 822 2078 cum
851 2015 1048 2096 ingentibus
1086 2015 1194 2096 copiis
1224 2014 1381 2077 celeriter

431 2115 679 2192 transfretavit,
697 2115 825 2178 ducens
854 2133 969 2176 secum
995 2114 1100 2196 paulo
1127 2121 1206 2177 ante
1229 2115 1294 2177 sibi
1320 2133 1379 2176 ex·

431 2213 575 2278 hibitum
603 2213 815 2278 Willelmum
842 2233 958 2294 regem
981 2213 1175 2290 Scotorum,
1204 2214 1381 2278 comitem-

431 2332 498 2394 que
522 2312 730 2390 Leicestriae,
760 2320 794 2377 et
820 2313 908 2376 alios
935 2315 1093 2394 captivos
1119 2313 1282 2394 insignes.
1333 2313 1381 2376 Et

433 2410 643 2475 Normannis
660 2413 696 2474 iu
711 2412 785 2496 ejus
797 2410 947 2475 adventu
962 2412 1229 2494 gratulantibus,
1247 2413 1382 2476 Rotho-

430 2529 570 2592 magum
584 2512 620 2574 in
640 2519 828 2593 conspectu
842 2511 992 2575 hostium
1018 2513 1212 2594 pompatice
1229 2512 1381 2594 ingress-

430 2628 471 2672 us
495 2617 559 2674 est.
611 2610 743 2674 Hostes
758 2630 852 2687 vero,
878 2617 958 2698 ante
981 2610 1053 2675 dies
1073 2630 1203 2693 paucos
1230 2612 1272 2675 de
1298 2631 1381 2694 cap-

430 2709 522 2773 tione
547 2711 644 2791 regis
676 2709 857 2774 Scotorum
895 2718 1037 2792 accepto
1075 2713 1207 2787 nuntio,
1242 2713 1382 2776 attoniti

429 2816 522 2886 sunt,
537 2809 596 2872 sed
615 2809 725 2890 magis
741 2809 783 2873 de
800 2810 876 2893 ejus
891 2810 1042 2874 adventu
1064 2811 1242 2893 repentino
1262 2819 1382 2894 stupe·

428 2904 531 2986 facti3
556 2915 721 2984 attamen,
732 2910 766 2972 in
778 2910 901 2973 robore
912 2910 1142 2974 multitudinis
1156 2910 1381 2989 confidentes

428 3005 464 3068 in
487 3007 664 3072 obsidione
686 3009 926 3090 persistebant.
980 3009 1060 3073 Rex
1077 3016 1193 3073 autem
1206 3008 1381 3074 Henricus

428 3104 658 3171 Wallensium
691 3114 840 3171 turmam
877 3127 923 3172 ex
957 3106 1086 3189 Anglia
1127 3109 1273 3173 accitam
1318 3131 1382 3192 per

428 3212 565 3269 noctem
597 3206 744 3271 latenter
777 3207 901 3284 emisit,
932 3213 971 3270 ut
1000 3208 1166 3271 silvarum
1205 3209 1380 3290 opacitate

428 3305 512 3368 tecti
540 3305 626 3369 locis
654 3307 856 3389 opportunis
885 3306 1110 3370 observarent
1148 3327 1192 3370 ne
1229 3308 1379 3372 hostium

427 3405 595 3469 exercitui
626 3407 821 3471 necessaria
852 3405 1069 3470 veherentur.
1127 3406 1208 3484 Qui,
1237 3415 1379 3490 captato

429 3510 592 3585 tempore,
621 3505 718 3569 silvis
750 3512 966 3587 erumpentes
993 3513 1221 3570 commeatum
1243 3507 1381 3572 invase-

426 3608 520 3678 runt,
542 3609 578 3665 et
605 3605 758 3680 armatis,
781 3623 804 3667 a
830 3605 954 3685 quibus
976 3607 1175 3684 tuebantur,
1199 3606 1234 3669 in
1259 3607 1380 3688 lugam

427 3700 526 3776 actis,
547 3720 682 3765 omnem
701 3702 899 3767 victualium
924 3713 1130 3787 apparatum
1150 3724 1227 3769 oum
1247 3705 1381 3786 ingenti

427 3796 602 3862 hominum
631 3808 666 3863 et
687 3800 920 3884 jumentorum
947 3805 1054 3868 exitio
1082 3811 1316 3885 asportarunt,
1340 3826 1380 3870 se

427 3897 548 3961 iterum
575 3898 611 3962 in
632 3899 739 3964 silvas
765 3908 804 3964 ut
831 3903 926 3985 prius
956 3903 1169 3986 recipientes.
1221 3904 1380 3987 Moxque

461 4070 469 4100 ¹
487 4071 734 4138 ‘Huntyndonensi,'
749 4077 806 4127 MS.
818 4077 885 4128 Cott.

423 4143 509 4261 '3qu
544 4141 778 4208 ‘Huntudunensi‚'
826 4148 884 4198 MS.
944 4145 1170 4210 '‘cautionibus,’
1182 4149 1238 4198 MS.
1251 4150 1349 4200 Lausd.

446 4225 518 4262 eris.
