3132 4988
415 469 459 534 84
774 481 983 530 cunoruoon
1050 531 1054 539 f

263 661 388 751 Anqqlqss.
416 639 616 720 integritate
636 640 787 703 restituit
813 638 1000 722 repetenti;
1025 643 1060 700 et
1083 637 1128 700 ab
1153 657 1195 701 eo
1217 637 1368 701 vicissim

252 767 401 777 ---
417 736 619 804 comitatum
637 766 640 771 ·
658 737 1008 820 Huntingdunensem
1041 737 1156 820 prisco
1188 739 1254 802 sibi
1288 737 1369 821 jure

245 825 246 828 ¹
418 844 667 922 competentem
684 838 825 920 recepit.

641 1067 808 1132 Wnllensee
830 1064 975 1131 rebellare
991 1075 1153 1152 caperrat.

258 1261 283 1299 n
295 1259 322 1298 n.
334 1257 389 1298 nu.
469 1233 600 1298 Verum
619 1253 688 1298 non
709 1232 826 1296 multis
843 1232 963 1295 diebus
985 1231 1125 1314 elapsis,
1146 1232 1369 1314 interregem

258 1331 406 1420 ξξῇζζῑῶζῑω
420 1340 456 1398 et
471 1340 608 1413 gentem
625 1334 807 1396 barbaram
830 1331 1002 1396 discordia
1017 1332 1136 1395 oritur.
1190 1332 1291 1395 Unde
1309 1353 1371 1396 rex

419 1433 593 1495 immensis
609 1451 653 1495 ex
670 1436 746 1495 tota
767 1429 897 1512 Anglia
913 1431 1021 1514 copiis
1042 1432 1263 1512 congregatis
1278 1432 1370 1513 regi-

420 1551 521 1598 onem
537 1530 755 1608 Walliarum,
780 1548 851 1612 qua
876 1530 1010 1594 facilior
1040 1530 1155 1594 aditus
1176 1531 1369 1608 videbatur,

420 1631 555 1712 ingredi
575 1631 710 1695 statuit.
763 1630 874 1694 Porro
897 1629 1206 1694 inconvenientes
1222 1632 1372 1701 excuba-

420 1732 507 1794 bant
522 1731 556 1794 in
568 1731 736 1804 terminis3
755 1729 835 1794 etin
851 1729 990 1810 planum
1007 1729 1168 1810 progredi
1178 1729 1234 1793 vel
1248 1739 1371 1812 aperto

421 1829 512 1893 bello
527 1849 605 1892 cum
628 1828 782 1893 loricatis
804 1828 966 1910 congredi
986 1828 1071 1892 levis
1098 1837 1282 1893 armaturae
1308 1829 1370 1896 ho-

420 1929 529 1994 mines
558 1936 661 1992 caute
689 1929 910 2004 declinantes,
933 1926 1180 1992 delitescebant
1206 1929 1242 1990 in
1273 1930 1371 1994 silvis

422 2037 458 2092 ct
473 2029 607 2093 viarum
620 2028 802 2110 angustias
817 2028 1058 2094 observabant.
1109 2027 1200 2090 Sane
1216 2028 1372 2092 Wallen·

422 2147 477 2192 ses
491 2125 645 2210 reliquiae
662 2129 843 2191 Britonum
859 2145 935 2191 esse
954 2135 1166 2201 noscuntur;
1191 2129 1250 2210 qui
1267 2127 1371 2211 hujus

422 2226 544 2290 insulae
562 2246 640 2309 quae
665 2247 756 2291 nunc
778 2225 907 2308 Anglia
930 2226 1067 2302 dicitur,
1083 2226 1165 2290 olim
1190 2246 1267 2291 cum
1292 2228 1372 2291 Bri·

423 2325 543 2390 tannia
559 2325 748 2402 dicebatur,
763 2326 885 2391 incolae
902 2326 1004 2408 primi
1019 2326 1178 2406 fuerunt3
1202 2326 1371 2410 ejusdem-

424 2444 492 2507 que
517 2424 666 2489 nationis
691 2434 725 2489 et
745 2427 872 2506 linguae
894 2443 968 2488 esse
995 2426 1187 2507 probantur
1215 2425 1314 2509 cujus
1337 2437 1374 2494 et

426 2525 586 2588 Britones
611 2525 842 2588 transmarini.
895 2523 983 2588 Cum
1007 2531 1121 2589 autern
1147 2545 1231 2608 gens
1257 2527 1373 2591 Brito-

425 2644 505 2687 num
523 2643 544 2687 a
560 2625 879 2708 supervenientibus
893 2621 1085 2705 Anglorum
1104 2626 1241 2707 populis
1258 2633 1374 2689 exter-

425 2724 567 2786 minium
591 2733 778 2805 pateretur,
801 2725 860 2806 qui
883 2724 1029 2787 evadere
1051 2731 1237 2806 potuerunt
1252 2725 1371 2788 consu·

425 2829 552 2902 gerunt
576 2822 612 2885 in
635 2823 794 2899 Wallias,
822 2830 943 2886 contra
971 2823 1195 2906 irruptionem
1222 2825 1373 2888 hostium

426 2929 559 2984 naturae
581 2922 746 2987 beneficio
769 2927 884 3002 tutas3
908 2923 1024 3005 ibique
1040 2923 1114 2986 haec
1139 2925 1234 2988 natio
1256 2943 1373 3006 perse-

425 3028 525 3084 verat
540 3021 696 3104 usquein
712 3027 916 3104 praesentem
932 3022 1031 3086 diem.
1074 3021 1189 3104 Igitur
1205 3043 1268 3086 rex
1286 3023 1373 3088 fines

426 3117 588 3196 hostiurn,
614 3128 735 3186 contra
757 3122 909 3184 locorum
934 3122 1102 3185 malitiam
1126 3121 1300 3200 luctando,
1321 3124 1374 3186 in-

263 3242 399 3302 quieta,
426 3220 595 3301 grediens
622 3221 781 3285 'infausta
815 3221 946 3302 negotii
976 3221 1074 3288 initia
1112 3222 1254 3286 habuit:
1290 3243 1373 3306 pars

262 3293 315 3390 iiii}
328 3297 388 3382 ἔξω
423 3321 514 3383 enim
532 3321 704 3384 exercitus
720 3341 782 3405 per
795 3319 873 3384 loca
894 3320 1024 3384 silvosa
1046 3327 1080 3385 et
1096 3321 1237 3385 humida
1253 3323 1372 3386 incau-

262 3392 363 3483 iiiiii
423 3419 494 3483 tius
526 3421 698 3501 gradiens,
733 3420 889 3484 hostibus
919 3420 1121 3503 intercepta,
1149 3440 1212 3502 pro
1246 3441 1375 3503 magna

424 3524 523 3598 parte
554 3521 667 3600 periit,
691 3529 725 3583 et
755 3519 823 3583 duo
854 3518 1001 3583 nobiles¹
1034 3539 1112 3582 cum
1145 3520 1221 3584 aliis
1254 3521 1373 3586 multis

424 3625 637 3681 corruerunt.
690 3617 841 3695 Quidam
869 3637 952 3682 vero
977 3618 1161 3699 fugientes,
1183 3628 1218 3684 et
1244 3640 1374 3702 regem,

424 3715 534 3796 quiin
549 3715 714 3781 locotnto
731 3717 952 3792 consistebat,
964 3719 1166 3782 occubuisse
1183 3721 1374 3796 credentes

422 3814 685 3882 advenientibus
701 3815 812 3880 adhuc
830 3823 865 3880 et
881 3819 1145 3899 properantibus
1162 3819 1206 3881 ad
1220 3838 1374 3901 pugnam

421 3915 599 3978 ordinibus
631 3935 746 3997 regem
778 3917 947 3980 corruisse
980 3917 1202 3982 nunciabant.
1272 3919 1374 3982 Unde

459 4157 466 4186 ¹
486 4161 596 4279 qustaqle
612 4161 756 4224 Fitz-Jobn,
771 4163 821 4210 and
838 4163 933 4212 Robert
948 4164 980 4214 de
993 4163 1104 4227 Ooumy,
1115 4164 1202 4214 Sewer
1218 4171 1244 4214 to
1260 4165 1303 4214 the
1316 4167 1377 4216 Em·

423 4245 495 4290 prees
514 4271 516 4276 .
537 4245 570 4279 au
591 4268 597 4282 .
