3130 4990
418 510 588 559 wanrmu
604 511 659 558 nn
682 510 965 560 unurncsunon.
1095 495 1159 558 aal

210 666 384 750 praedictis
398 666 537 748 regibus
552 667 744 731 sciscitaret
754 666 946 731 Edwardus
956 667 1037 747 quid
1049 666 1158 745 fieret,
1182 685 1310 775 pegrylpp

211 767 460 848 responderunt
488 767 532 841 ei,
562 765 762 849 “Princeps
788 766 940 830 civitatis
961 766 1061 830 istius
1079 760 1318 830 cum-'²4

211 867 392 949 adjacente
415 865 593 946 provincia
619 865 786 928 tributum
812 865 953 929 reddere
979 867 1158 931 consuevit

211 966 286 1045 regi
302 963 429 1028 Siciliae
444 964 544 1026 annis
559 963 716 1044 singulis
732 971 767 1028 et
782 965 863 1047 quia
878 963 989 1028 multo
1004 972 1158 1047 tempore

212 1083 276 1145 per
289 1063 505 1145 septennium
519 1071 554 1126 et
568 1063 661 1126 ultra
672 1063 747 1146 jam
762 1063 797 1127 in
816 1063 986 1127 solutione
995 1063 1156 1139 cessavit,

212 1161 340 1225 idcirco
361 1162 592 1244 appetivimus
614 1181 704 1225 eum.
757 1161 840 1244 Ipse
856 1182 941 1232 ¹vero
964 1160 1075 1225 sciens
1095 1161 1157 1226 tri·

213 1262 335 1325 butum
345 1261 441 1345 juste
457 1260 573 1324 deberi
585 1260 659 1344 jam
675 1260 840 1324 satisfecit
855 1262 954 1324 nohis
969 1260 1014 1324 ad
1025 1267 1158 1338 votum,

212 1361 316 1424 etiam
337 1378 400 1441 pro
418 1366 574 1442 tempore
597 1360 771 1441 praeterito
786 1367 821 1425 et
838 1360 954 1424 futuro
965 1360 998 1424 :’'
1029 1366 1067 1423 at
1087 1359 1157 1437 ille,

213 1458 343 1537 “Quid
363 1466 428 1533 est,
446 1458 575 1522 domini
591 1459 794 1535 charissimi,
809 1477 922 1523 nonne
938 1459 1159 1522 convenimus

214 1558 282 1620 huc
314 1564 349 1622 et
380 1564 590 1621 caracterem
615 1558 758 1621 Domini
782 1559 1030 1640 assumpsimus
1055 1565 1096 1622 ut
1123 1558 1159 1620 in

214 1658 369 1721 inimicos
389 1656 502 1721 crucis
521 1656 650 1721 Christi
673 1656 860 1739 procedere
882 1664 917 1720 et
937 1676 1005 1722 non
1020 1675 1160 1738 compo·

215 1776 296 1820 nere
309 1755 567 1820 ‘deberemusl¹
580 1757 700 1820 absita
712 1756 830 1818 ‘nobis
840 1753 863 1788 '²
878 1755 954 1833 hoc,
966 1774 1047 1817 nam
1058 1755 1159 1818 modo

216 1862 314 1937 patet
324 1855 500 1932 introitus,
509 1865 545 1918 et
557 1861 650 1934 terra
663 1852 762 1917 nohis
772 1861 826 1918 est
840 1854 944 1936 plana
959 1860 994 1916 et
1009 1853 1107 1929 dura,
1121 1860 1160 1916 ut

215 1955 386 2036 possimus
410 1953 594 2036 procedere
613 1972 723 2035 usque
743 1953 786 2016 ad
807 1958 961 2015 sanctam
982 1952 1158 2015 civitatem

216 2053 444 2117 Jerusalem.’'
470 2051 578 2118 Atilii
587 2052 761 2128 dixerunt,
772 2052 884 2116 “Jam
896 2071 973 2114 curn
982 2051 1057 2114 istis
1067 2069 1159 2113 corn-

216 2154 395 2234 posuimus
410 2159 446 2216 et
467 2161 607 2234 pactum
623 2151 801 2233 praeterire
822 2169 891 2213 non
912 2150 1004 2224 licet,
1022 2149 1083 2212 sed
1105 2169 1159 2212 re-

216 2259 392 2315 vertamur
418 2252 454 2314 in
480 2251 644 2327 Siciliam,
664 2257 700 2313 et
720 2257 896 2314 transacto
920 2249 1041 2325 hieme,
1067 2249 1157 2330 apud

215 2348 343 2413 Acram
359 2350 533 2432 applicare
549 2349 774 2431 poterimus.”
805 2348 1059 2430 Displicuitque
1074 2347 1126 2409 ‘ei
1138 2343 1161 2379 '³

215 2449 396 2513 consilium
427 2449 504 2526 hoc,
534 2468 597 2511 nec
624 2448 693 2529 ipsi
722 2448 960 2528 compositioni
983 2465 1160 2510 assensum

215 2549 377 2629 praebuit,
408 2568 475 2612 non
502 2547 714 2630 participans
740 2547 924 2628 quicquam
950 2545 993 2609 de
1015 2546 1161 2627 pecunia

215 2647 395 2723 scelerata,
406 2647 466 2711 sed
481 2647 574 2710 iacto
590 2645 639 2709 eis
651 2644 760 2725 regali
776 2645 934 2708 convivio
951 2644 1105 2707 clausum
1122 2662 1160 2707 se

216 2746 347 2810 tenuit:
371 2741 657 2828 ‘permanentes’4
677 2743 796 2825 itaque
819 2742 856 2805 in
874 2742 947 2806 fixo
970 2743 1160 2826 proposito,

216 2844 365 2922 demum,
387 2865 473 2908 aura
495 2844 612 2920 flante,
630 2844 905 2907 conscenderunt
930 2861 1038 2906 naves
1060 2861 1159 2923 reges
1173 2861 1303 2902 maome.

216 2944 380 3021 universi,
402 2951 436 3008 et
458 2949 697 3006 remanserunt
716 2943 751 3006 in
772 2943 873 3006 litore
895 2942 1080 3025 plusquam
1106 2958 1159 3005 oo.
1172 2913 1321 3011 ldlrldylffl

215 3044 292 3118 viri,
324 3063 393 3106 non
429 3042 594 3105 habentes
631 3060 753 3104 navem
782 3043 819 3104 in
849 3059 918 3122 qua
943 3040 1160 3114 veherentur,

216 3143 407 3206 clamantes
431 3147 467 3204 et
486 3139 656 3223 ejulantes
677 3157 749 3220 prae
770 3138 894 3201 timore
913 3139 1033 3201 mortis
1056 3157 1161 3218 quam

216 3241 322 3305 citam
338 3234 570 3321 ‘oporteret'⁵
586 3239 739 3319 recipere
754 3237 783 3299 si
793 3242 1029 3300 remanerent:
1047 3243 1162 3299 motus

216 3359 299 3420 crgo
332 3339 523 3403 Edwardus
551 3338 587 3401 in
619 3336 803 3418 lachrymis
832 3355 962 3412 eorum,
986 3353 1064 3397 cum
1089 3353 1159 3397 non

216 3445 437 3502 moverentur
462 3437 533 3514 alii,
554 3444 681 3500 terram
703 3455 781 3499 curn
801 3434 931 3517 scapha
955 3433 1052 3508 adiit,
1068 3440 1103 3496 et
1124 3433 1160 3495 in

216 3555 322 3602 naves
340 3555 421 3600 suas
435 3536 591 3617 singulas
605 3536 774 3617 adaptans
791 3553 850 3598 eos
866 3533 1033 3616 praemisit
1043 3551 1162 3596 omncs

216 3642 296 3699 ante
314 3654 365 3714 se,
387 3635 490 3699 etsie
511 3635 646 3699 demum
666 3653 746 3698 cum
768 3633 913 3709 caeteris,
927 3629 1057 3696 laxatis
1074 3631 1161 3694 velis

216 3741 251 3797 et
269 3754 363 3798 mare
381 3735 532 3810 sulcans,
555 3733 730 3816 profectus
751 3740 815 3797 est.
868 3732 1022 3812 Septimo
1045 3739 1160 3795 autem

216 3833 271 3896 die
287 3833 528 3916 applicuerunt
545 3852 663 3896 omnes
679 3833 715 3894 in
730 3851 837 3913 regno
853 3831 979 3896 Siciliae
994 3851 1039 3894 ex
1055 3849 1163 3913 oppo-

248 4125 255 4155 ¹
273 4123 281 4151 ‘
293 4118 449 4183 debeamus,’
462 4121 519 4170 MS.
530 4121 623 4171 Laced.
733 4117 742 4146 ⁸
760 4118 768 4146 ‘
780 4124 805 4166 et
822 4115 1014 4178 permanentes,’
1025 4114 1082 4162 MS.
1094 4113 1162 4163 Ooll.

247 4189 379 4254 ¹‘vohis,'
390 4191 448 4240 MS.
461 4191 528 4241 Coit.
538 4191 594 4239 Tih.
700 4189 771 4239 Arm.

247 4260 257 4290 ³
274 4262 388 4310 Omitted
399 4263 425 4310 in
437 4261 494 4309 MS.
505 4260 571 4310 0011.
582 4258 654 4308 Arm.
735 4261 744 4290 ⁵
761 4254 936 4318 ‘oporterent’
947 4254 1004 4302 MS.
1015 4253 1111 4316 Lansd.
