3122 4982
394 457 461 523 250
762 471 973 520 canoruoon

245 646 361 737 Apppm
395 649 479 710 ergo
499 649 560 694 rex
586 635 621 694 ot
643 630 790 695 barones
808 629 888 713 jugi
904 629 1078 694 discordia
1101 629 1348 712 disceptarent,

265 724 271 736 '
298 724 303 735 '
363 724 600 811 ’quandoque
640 737 756 813 partes
795 731 1032 812 aequabantur·
1061 729 1345 812 ‘quandoquc'¹

394 827 643 910 ‘praestabat‘
674 827 850 905 ‘altera‚'³
879 829 1027 892 fortunae
1063 835 1180 892 tamen
1215 829 1347 892 ‘mobi-

393 927 557 992 litatem’⁴
572 934 741 1011 quantum
765 929 810 992 ad
835 929 981 992 exitium
1004 928 1182 1011 singulare
1207 929 1345 1009 experti

395 1046 464 1091 non
497 1035 579 1092 sunt
601 1027 715 1110 quoad
743 1027 879 1092 omnia:
903 1035 975 1092 tres
992 1047 1075 1091 vero
1100 1027 1255 1102 comites,
1279 1028 1346 1091 sci·

394 1125 476 1191 licet
496 1125 654 1205 Cestriae,
677 1125 912 1203 Albemarliae,
935 1134 970 1190 ot
992 1126 1035 1190 dc
1053 1124 1261 1208 Warrewyk
1285 1127 1347 1190 ob-

394 1226 557 1291 sederunt
578 1226 714 1290 interim
726 1225 880 1290 Mentem
900 1219 1085 1290 Sorellum⁵
1100 1244 1163 1308 per
1181 1241 1244 1288 vn.
1260 1224 1352 1288 heb·-

395 1323 572 1401 domadas,
597 1332 633 1389 et
658 1325 980 1408 supervenientibus
1009 1325 1197 1388 baronibus
1233 1343 1347 1388 seces·

393 1430 513 1486 serunt
536 1443 647 1506 usque
672 1423 911 1507 Notyngbam,
931 1424 991 1488 ubi
1015 1421 1226 1505 congregato
1244 1442 1345 1486 exer-

233 1543 373 1583 nnannu
394 1521 466 1586 citu
491 1531 718 1605 perrexerunt
738 1523 817 1587 inde
836 1522 1064 1600 Linoolniam,
1083 1521 1266 1605 junctique
1290 1542 1346 1585 re·

230 1593 374 1684 illidit,
394 1620 531 1700 galibus
569 1622 629 1704 qui
666 1622 794 1686 ibidem
830 1622 986 1698 aderant,
1019 1629 1173 1686 castrum
1208 1621 1346 1685 fortiter

232 1693 335 1792 iiiiii*
393 1719 561 1783 machinis
584 1721 707 1802 ligneis
731 1727 1038 1804 oppugnaverunt:
1062 1720 1155 1803 quod
1180 1739 1259 1784 cum
1284 1720 1346 1784 do-

393 1819 487 1883 mina
519 1803 711 1884 Nicbolaa⁶
745 1821 918 1902 quondam
946 1820 1076 1885 domini
1115 1819 1264 1884 Gerar-di
1302 1819 1346 1882 de

393 1916 621 2002 ‘Canevyle'¹
637 1919 697 1982 diu
712 1938 790 1983 cum
814 1919 886 1982 suis
902 1919 1113 1983 validissimo
1128 1918 1345 1994 defendisset,

392 2017 430 2080 in
455 2017 524 2082 fine
547 2024 664 2082 tamen
689 2018 946 2101 praevaluerunt
969 2018 1117 2099 regales,
1140 2023 1175 2082 et
1202 2019 1346 2082 obtenta

393 2117 539 2182 victoria
557 2119 724 2199 quosdam
750 2137 796 2181 ex
823 2117 1007 2181 baronibus
1025 2118 1086 2198 qui
1108 2116 1235 2180 ibidem
1262 2116 1345 2180 ade-

393 2223 474 2280 rant
504 2216 621 2296 gladio
651 2223 881 2298 peremerunt,
905 2222 941 2279 et
971 2215 1139 2298 quosdam
1169 2216 1347 2279 abduxere

393 2315 564 2395 captivos,
596 2314 771 2379 civitatem
805 2315 918 2397 ipsam
947 2315 1148 2398 spoliantes,
1183 2322 1220 2379 et
1251 2315 1347 2379 cives

393 2413 504 2494 ipsius
529 2413 565 2476 in
593 2414 830 2495 captivitatem
853 2412 1067 2495 redigentes:
1090 2413 1218 2494 rulgus
1240 2414 1346 2478 ctiam

394 2511 546 2594 ignobile
561 2519 597 2576 et
613 2511 675 2576 filii
701 2512 815 2576 Belial
837 2515 880 2578 de
905 2514 1049 2577 matrice
1073 2513 1228 2577 ecclesiae
1252 2513 1345 2577 fece·

395 2619 476 2675 runt
500 2612 688 2688 stabulum,
711 2611 969 2677 introducentes
995 2631 1102 2694 equos
1127 2618 1162 2675 et
1184 2613 1346 2694 pecudes,

393 2717 429 2774 et
446 2729 516 2775 non
530 2719 688 2775 verentes
710 2712 770 2776 sed
795 2711 1019 2794 deturpantes
1034 2730 1189 2794 praesepe
1204 2711 1346 2774 Domini

393 2809 459 2872 sui.
521 2808 656 2888 Quibus
684 2811 735 2874 ita
764 2811 915 2892 peractis
944 2817 1172 2891 perrexerunt
1208 2809 1347 2890 regales

393 2926 471 2970 cum
498 2907 645 2988 captivis
663 2909 735 2972 suis
760 2909 805 2973 ad
831 2909 987 2974 Mentem
1012 2910 1193 2985 Sorellum,
1209 2916 1244 2973 et
1266 2927 1345 2972 oas-

395 3012 486 3068 trum
508 3006 594 3070 illud
617 3007 789 3072 deditione
805 3015 983 3090 ceperunt,
1000 3009 1214 3074 Wintoniam
1238 3008 1346 3071 etiam

392 3123 471 3168 cum
486 3112 602 3171 castro
618 3114 655 3171 et
670 3107 838 3189 quasdam
856 3107 944 3171 alias
957 3107 1166 3172 munitiones
1179 3107 1216 3170 in
1229 3107 1346 3189 patria

392 3203 509 3268 ‘illa’⁸
522 3206 643 3287 adepti
663 3214 756 3303 sunt,
780 3207 815 3270 in
837 3206 905 3271 fine
927 3207 1019 3271 acies
1047 3225 1129 3270 suas
1154 3206 1347 3287 dirigentes

426 3459 433 3488 ¹
452 3457 615 3524 ‘quamque,'
627 3461 682 3511 MS.
695 3461 762 3511 Coll.
774 3462 846 3512 Arm.
916 3457 926 3489 ⁶
944 3459 990 3509 We
1007 3457 1059 3509 find
1074 3461 1116 3509 the
1131 3461 1263 3524 following
1277 3463 1348 3511 curi-

424 3543 603 3595 οοιιιῑιιεᾱῑιι
616 3545 819 3598 namara.
880 3531 1349 3610 ouaamemceungnnnuyrn

424 3627 436 3658 2
452 3632 528 3680 ,wo
539 3631 607 3692 m,
619 3633 676 3682 MS·
689 3633 785 3682 Μ.
879 3599 923 3648 tbe
935 3599 1092 3663 Fae-nan,
1110 3604 1126 3648 2
1141 3600 1235 3652 Joban.
1253 3616 1288 3650 m.
1304 3605 1349 3653 2⁰.

425 3711 461 3743 Η
520 3717 545 3728 ..
634 3716 643 3740 ,
881 3668 1008 3717 Nicholaa
1027 3684 1091 3717 uxor
1102 3669 1212 3718 Gerardi
1227 3671 1259 3718 de
1277 3670 1347 3718 Can-

404 3743 406 3747 ·
468 3717 633 3778 mmmm>
654 3717 728 3768 MSS·
879 3737 942 3786 villa
953 3738 998 3786 dat
1008 3737 1109 3786 domino
1120 3739 1175 3800 regi
1186 3749 1228 3788 nx.
1246 3753 1347 3789 marcas

425 3797 544 3848 ‘Mount
581 3801 673 3862 Semel,
718 3801 854 3853 leicester.
879 3812 905 3856 et
921 3821 999 3855 unum
1016 3807 1158 3868 palfredum
1175 3822 1207 3856 ne
1227 3809 1281 3857 lilia
1297 3823 1348 3859 sua

391 3870 505 3919 Camdeu
521 3874 600 3920 states
616 3870 672 3920 that
688 3871 730 3920 the
747 3872 853 3932 original
879 3876 1044 3938 compellatur
1056 3877 1089 3925 ad
1101 3891 1128 3926 se
1140 3878 1310 3926 maritandum
1322 3884 1348 3928 et

390 3955 463 3989 name
486 3939 515 3988 ot'
532 3939 576 3988 tbe
597 3945 665 3990 town
686 3954 741 3990 was
763 3941 855 3989 Monnt
879 3947 901 3994 si
918 3945 1026 3994 voluerit
1044 3947 1171 4006 maritare,
1186 3947 1251 3996 nulli
1267 3949 1349 3996 nubat

389 4011 453 4059 Soar
465 4010 531 4072 Hill,
542 4011 592 4058 and
603 4011 659 4059 that
672 4011 758 4060 itwas
769 4025 798 4059 so
809 4011 853 4059 de·
879 4015 924 4076 qui
935 4015 970 4064 sit
980 4020 1067 4064 contra
1078 4015 1232 4065 voluntatem
1250 4017 1350 4068 domini

388 4081 533 4128 nominated
547 4081 612 4129 bam
626 4081 702 4143 being
717 4081 783 4130 built
793 4095 826 4129 on
837 4096 853 4129 a
878 4085 955 4146 regis.

388 4153 458 4210 steep
470 4150 520 4197 and
531 4151 629 4213 mgged
638 4150 854 4213 hilleverlookiug
912 4151 923 4182 ⁷
940 4153 1106 4210 ‘Oanosillel
1118 4153 1174 4203 MS.
1185 4154 1281 4204 Lansd.

387 4217 430 4265 the
441 4219 507 4267 river
518 4219 589 4270 Sem.
910 4220 920 4251 ⁸
939 4223 1066 4285 supplied
1077 4223 1139 4273 bom
1152 4223 1210 4277 MS.
1222 4223 1317 4273 Lansd.
