3122 4982
391 437 456 502 188
760 453 972 500 crrnonrcon

245 630 364 668 arenant.
391 630 511 692 porum
539 610 715 692 proferens
742 608 895 674 seriatim
921 606 1073 671 ostendit
1100 625 1200 688 reges
1233 606 1343 671 Fran-

391 728 509 772 corum
542 718 578 774 et
614 708 793 771 Danorum
824 706 920 770 nulla
950 706 1254 786 consanguinitate
1286 707 1342 769 vel

393 805 559 871 affinitate
577 808 800 887 contingere3
824 806 867 868 de
885 802 1168 868 ‘contaminato'¹
1193 805 1342 869 divortio

391 907 426 967 in
457 906 613 986 fraudem
645 911 844 970 sanctorum
873 922 1043 967 canonum
1068 903 1238 985 judicium
1267 902 1341 967 lieri

391 1005 561 1084 pertinaci
583 1004 750 1066 instantia
771 1002 972 1084 postulavit.
1024 1001 1092 1064 Sed
1112 1000 1177 1064 hoc
1199 1001 1341 1077 frustra,

392 1121 468 1165 cum
496 1103 588 1183 regis
622 1101 833 1166 Francorum
861 1099 917 1163 vel
945 1105 1056 1162 metus
1083 1100 1138 1163 vel
1164 1100 1278 1179 gratia
1307 1100 1342 1162 in

393 1200 456 1264 hac
474 1209 573 1283 parte
591 1197 823 1282 praevaleret!

240 683 265 718 A.
277 681 302 716 D.
313 681 370 718 1192.

434 1418 483 1480 Do
498 1410 735 1502 Eapotriotiona
752 1417 1013 1495 ditectionem,
1029 1425 1058 1482 at
1071 1418 1216 1503 qaonwdo
1231 1419 1300 1484 Bac

616 1515 778 1591 Ricordas
793 1515 938 1580 liberavit
951 1516 1114 1600 Joppocm.

229 1709 366 1747 marana
443 1689 581 1753 Interea
598 1689 772 1752 exercitus
788 1686 1008 1751 Christianus
1026 1688 1099 1770 regi
1113 1707 1233 1769 regum
1251 1691 1341 1752 mili-

228 1759 307 1796 famlne
313 1759 335 1797 in
342 1759 379 1797 the

228 1808 334 1846 canaan
391 1794 469 1851 tans
478 1787 678 1864 moriente,
687 1794 828 1870 propter
837 1784 1081 1862 dissensiones,
1090 1787 1341 1865 aemulationes,

229 1867 295 1904 '‘m'‘
391 1895 426 1952 et
442 1887 568 1950 multas
584 1884 816 1960 difficultates,
831 1885 1092 1964 ingravescente
1107 1885 1198 1949 fame
1213 1885 1340 1962 valida,

390 1987 579 2067 repatriare
605 1985 786 2066 disposuit,
817 1983 1010 2047 dicentibus
1038 1982 1172 2046 aemulis
1194 1984 1238 2047 de
1259 2005 1340 2066 rege

392 2083 543 2148 Ricardo
577 2083 669 2165 quod
694 2102 811 2163 regem
840 2081 1051 2147 Francorum
1077 2081 1210 2146 insidiis
1234 2102 1340 2165 appe-

392 2183 503 2258 tisset,
519 2182 611 2264 quod
628 2181 824 2245 Conradum
853 2180 1085 2244 marchionem
1109 2182 1340 2263 persicarios

392 2280 520 2344 nefarie
555 2280 767 2361 peremisset,
790 2278 884 2359 quod
914 2298 992 2342 cum
1013 2278 1177 2342 Saladino
1200 2279 1243 2343 de
1259 2300 1340 2362 pro-

393 2377 524 2442 ditione
567 2378 686 2440 Terrae
723 2378 860 2440 Sanctae
896 2377 1103 2459 nequissime
1135 2377 1340 2443 collusisset.

393 2475 459 2540 lile
485 2483 601 2540 tamen
616 2475 740 2557 coeptis
761 2475 925 2539 insistens
947 2495 1019 2557 prae
1043 2476 1148 2539 animi
1171 2477 1341 2558 magnitu-

228 2585 364 2672 ffiffiffl·
393 2574 472 2639 dine
497 2576 591 2640 omni
614 2575 797 2638 maledicta
821 2575 1075 2651 contemnebat,
1098 2582 1134 2638 et
1157 2575 1250 2639 circa
1273 2574 1341 2639 As-

228 2683 325 2772 1221502(
392 2674 581 2738 chalcnam'
610 2673 883 2736 reaedificandam
910 2673 1060 2754 profusis
1086 2673 1210 2755 opibus
1240 2673 1365 2738 insis.'

393 2774 500 2836 lebat.
550 2772 683 2836 Videns
700 2772 839 2834 tandem
866 2770 957 2852 quod
979 2777 1123 2836 ‘contra
1139 2772 1340 2854 conspiran-

394 2877 462 2933 tem
477 2870 669 2933 exercitnm
679 2867 707 2903 '³
723 2869 808 2932 nihil
824 2868 1018 2951 proficeret,
1034 2870 1239 2934 deliberavit
1261 2890 1340 2934 cum

391 2968 535 3031 ducibus
551 2975 586 3032 et
597 2969 768 3032 nobilibus
783 2968 953 3031 universis
967 2979 1008 3032 ut
1023 2969 1195 3049 aliquibus
1210 2969 1253 3032 de
1267 2971 1342 3034 suis

393 3066 608 3130 Christianos
640 3066 725 3129 fines
761 3065 949 3142 crederent,
974 3073 1107 3131 mature
1134 3067 1179 3131 ad
1202 3069 1344 3149 propria

392 3166 583 3246 reversuri:
608 3173 644 3228 et
654 3165 814 3230 concordi
830 3164 967 3228 decreto
982 3165 1234 3229 constituerunt
1247 3167 1343 3248 prin-

229 3291 371 3340 squam
392 3265 501 3346 cipem
529 3264 735 3330 Christianae
760 3263 1003 3344 adquisitionis
1019 3262 1210 3328 Henricum
1236 3267 1343 3329 comi-

227 3341 374 3450 ilgllfliio.
392 3369 461 3425 tem
489 3362 701 3445 Campaniae,
717 3363 898 3444 utriusque
921 3363 1013 3442 regis
1038 3362 1252 3427 Francorum
1274 3365 1343 3428 sci-

227 3439 355 3528 {illitis
392 3461 471 3525 licet
496 3470 531 3526 et
554 3462 748 3544 Anglorum
776 3481 992 3525 communem
1022 3459 1209 3543 nepotem.⁴
1261 3461 1343 3541 Quo

428 3629 436 3662 ¹
446 3631 623 3693 ‘continuata'
637 3632 694 3684 MS.
708 3633 801 3681 Lansd.
913 3631 922 3660 ⁴
932 3633 1077 3695 According
1088 3638 1114 3682 to
1126 3633 1273 3698 Brompton‚
1283 3635 1347 3684 who

426 3697 683 3750 'werramiormed
699 3703 733 3761 hy
746 3701 852 3750 Nicolas
876 3701 963 3762 places
990 3702 1041 3751 this
1074 3703 1175 3750 council
1201 3704 1345 3754 somewhat

390 3770 476 3817 Trivet
488 3766 527 3834 (p.
537 3767 597 3831 156)
608 3771 663 3818 that
673 3771 724 3819 this
735 3774 852 3819 sentence
877 3771 968 3819 earlier
986 3771 1046 3820 than
1065 3770 1269 3835 Hemingburgh,
1289 3775 1347 3823 this

283 3845 287 3851 '
390 3839 419 3887 of
426 3839 528 3888 dirorco
539 3853 593 3888 was
605 3839 726 3888 annulled
735 3840 769 3900 by
781 3839 852 3899 Pope
877 3841 977 3900 dignity
998 3841 1049 3888 had
1072 3841 1136 3889 been
1157 3842 1287 3891 conferred
1309 3859 1347 3893 on

391 3908 518 3957 Oelestine
529 3909 556 3956 in
569 3911 641 3958 1195.
878 3909 978 3958 Conrad
986 3909 1183 3970 ofMontierrat;
1194 3911 1249 3973 but,
1256 3915 1348 3975 owing

427 3974 551 4026 ³‘contra
568 3977 740 4026 Christianum
757 3977 852 4024 exerci·
878 3982 903 4026 to
915 3979 955 4025 his
972 3979 1064 4027 almost
1079 3980 1223 4028 immediate
1234 3983 1350 4030 assassi-

390 4042 464 4108 tum‚’·
480 4048 536 4097 MS.
559 4047 625 4097 Coll.
644 4049 733 4106 Arm.;
751 4048 853 4096 ‘contra
878 4048 972 4107 nation,
985 4063 1065 4096 anew
1072 4048 1180 4096 election
1189 4063 1244 4099 was
1254 4064 1350 4100 neces-

391 4117 852 4178 aemuloscumexercituOhristiano,’
878 4130 946 4177 sary,
970 4117 1044 4165 when
1066 4116 1109 4165 the
1132 4118 1219 4167 choica
1241 4119 1285 4168 fell
1309 4136 1349 4171 on

391 4185 447 4233 MS.
460 4186 554 4236 Lansd.
879 4185 968 4245 Henry
981 4186 1042 4234 Earl
1053 4186 1082 4235 oi
1090 4186 1265 4250 champagne.
1320 4203 1324 4216 ’
