3122 4982
402 471 573 522 waurnar
598 472 645 518 nu
667 470 951 518 unumcuuncu.
1082 457 1146 520 187

193 631 288 706 dum,
310 629 371 692 sed
394 628 527 691 viribus
550 626 667 708 potius
696 626 960 690 resistendum.'’
1007 626 1145 692 Placuit
1174 643 1295 684 aarum.

194 749 278 810 ergo
311 728 385 808 regi
419 724 601 790 consilium
630 725 795 800 sobrium,
821 733 857 789 et
891 713 1024 790 vocatis
1056 746 1143 789 nun·
1160 694 1303 762 Q

194 828 270 903 ciis,
292 826 383 889 dixit
413 832 454 890 ut
484 823 579 888 aliud
603 831 771 906 peterent,
798 823 878 887 dum
908 831 1023 888 tamen
1050 824 1144 888 aliud

195 926 279 1007 quid
304 925 471 988 haberent
496 923 532 986 in
558 922 749 986 mandatis:
780 921 832 985 illi
859 941 942 986 vero
964 923 1145 1004 expirante

196 1025 362 1106 petitione
398 1021 521 1104 prima,
561 1020 679 1084 decem
713 1019 822 1082 millia
858 1038 1052 1085 marcarum
1090 1039 1145 1084 ar·

195 1120 292 1203 genti
325 1121 517 1204 petierunt;
550 1118 677 1200 quihus
710 1137 787 1193 rex,
816 1123 840 1153 “
853 1118 1062 1182 Potitiorum
1093 1119 1145 1182 ul·

199 1221 320 1284 timam
355 1225 453 1300 grate
491 1217 711 1298 suscipimus,
742 1223 778 1280 et
816 1235 892 1280 eam
929 1217 1146 1299 implebimus

198 1325 333 1382 mature
352 1336 417 1399 pro
440 1315 557 1379 voto.”
610 1313 731 1378 Paetis
754 1334 837 1396 ergo
857 1315 951 1378 initis
973 1322 1009 1379 et
1030 1333 1146 1379 sacra-

200 1424 316 1481 mento
353 1435 375 1479 a
410 1414 536 1498 legatis
573 1413 744 1496 praestito,
777 1420 935 1478 ornatam
967 1419 1146 1478 ‘sororem

200 1513 344 1592 suam,’²
368 1521 409 1576 nt
427 1511 554 1590 decuit,
576 1531 655 1576 cum
672 1511 878 1594 quibusdam
900 1511 1078 1577 honoratis
1101 1531 1146 1576 ex

200 1613 272 1676 suis
293 1615 330 1676 in
358 1611 542 1676 Franciam
563 1609 700 1673 direxit.
747 1609 827 1673 Rex
850 1618 966 1674 autem
990 1610 1147 1674 Franciae

200 1712 349 1777 occurrit
370 1711 420 1775 eis
442 1705 651 1784 Ambiauis,²
668 1714 704 1771 et
725 1726 801 1770 eam
824 1716 1004 1788 gratanter
1026 1727 1147 1790 accep-

201 1818 289 1885 tans,
324 1807 544 1872 matrimonio
580 1805 780 1870 solemniter
817 1814 1009 1882 contracto,
1044 1807 1148 1870 etiam

201 1909 301 1972 thoro
324 1906 514 1989 adaptavit.
560 1904 668 1968 Mane
696 1913 813 1968 autem
840 1905 944 1980 facto,
973 1904 1150 1986 displicuit

201 2007 265 2072 sibi
286 2007 364 2088 ipsa
385 2005 513 2088 conjux
537 2012 585 2081 et,
607 2012 648 2068 ut
675 2003 812 2084 lingunt
834 2004 984 2083 quidam,
1008 2010 1150 2084 propter

202 2105 391 2168 anhelitum
406 2103 562 2168 foetidum
577 2101 633 2166 vel
651 2102 816 2167 latentem
830 2101 1076 2177 infirmitatem,
1095 2101 1150 2164 rel

200 2211 400 2286 corruptam
415 2201 546 2267 invenit
564 2219 668 2282 qnam
684 2201 848 2264 credebat
863 2200 1053 2281 virginem3
1075 2205 1148 2262 sta·

202 2304 332 2384 timqne
354 2301 468 2366 missis
489 2300 534 2364 ad
551 2319 677 2382 papam
700 2299 847 2376 nunciis,
869 2299 1054 2362 divortium
1075 2297 1149 2360 ficri

201 2401 403 2483 postulavit.
449 2399 548 2482 Papa
562 2417 643 2462 vero
655 2397 827 2479 delegavit
838 2397 974 2480 jndices
985 2397 1027 2461 de
1043 2416 1150 2478 reguo
1161 2408 1312 2449 occumu-

203 2499 423 2581 postulautis,
438 2499 498 2580 qui
519 2517 583 2561 suo
605 2498 679 2578 rogi
702 2497 857 2560 faventes
873 2495 1041 2560 affinitate
1064 2496 1149 2559 ima·
1161 2459 1287 2548 llffurll'l'

204 2599 335 2680 ginarie
372 2598 568 2680 approbata
603 2615 665 2677 per
697 2595 890 2658 execrabile
915 2558 1295 2678 juramentumlliiildl

202 2698 348 2761 duorum
385 2697 636 2777 episcoporum,
671 2691 915 2757 Beluacensis⁸
952 2693 1085 2756 scilicet
1117 2699 1152 2755 et

203 2791 482 2871 ‘Carnoteusis,’⁴
496 2793 681 2859 divortium
693 2793 920 2856 celebrarunt.
944 2791 1024 2855 Rex
1036 2798 1152 2855 autem

204 2895 379 2958 Dacorum
397 2892 587 2976 repudiatae
606 2892 734 2957 sororis
758 2891 906 2954 dedecus
929 2908 1021 2972 oegre
1037 2887 1151 2954 serens

204 2993 391 3056 divortium
424 3011 493 3058 non
524 2992 590 3055 rite
621 2989 832 3054 celebratum
864 2989 924 3053 sed
958 2988 1151 3053 ‘contami-

204 3086 360 3155 natum'⁵
376 3089 586 3153 mendaciter
602 3089 637 3151 lu
662 3089 811 3169 gratiam
827 3088 919 3169 regis
940 3087 1152 3150 Francorum

204 3211 265 3271 per
281 3189 498 3272 responsales
512 3187 653 3251 idoneos
666 3186 702 3250 in
717 3187 893 3250 audientia
908 3186 999 3248 sedis
1015 3191 1154 3267 aposto-

204 3290 279 3352 licae
307 3289 492 3369 allegavit;
533 3293 568 3350 ct
598 3285 734 3367 digesta
764 3282 1033 3368 praecedentium
1065 3290 1151 3345 tem·

240 3491 247 3519 ¹
259 3490 386 3552 Supplied
394 3489 458 3540 irom
465 3488 522 3540 Me.
532 3487 598 3537 Gott.
606 3487 664 3536 Tib.
689 3488 761 3538 vince
773 3486 802 3535 ol
816 3485 921 3546 Franco,
938 3482 1057 3534 bounded
1068 3497 1100 3530 on
1111 3484 1153 3531 the

238 3560 249 3588 ²
266 3561 383 3618 Amicus,
402 3558 445 3607 the
464 3557 558 3620 capitul
575 3557 604 3605 oi
621 3556 664 3604 the
690 3560 755 3605 west
769 3557 803 3615 by
814 3555 857 3602 the
870 3554 983 3602 Norman
994 3553 1087 3612 Vexin,
1103 3551 1154 3600 aud

125 3661 130 3678 .
203 3633 361 3693 department
371 3627 400 3676 of
414 3627 457 3678 the
468 3627 576 3676 Somme.
610 3625 665 3673 The
690 3640 748 3673 now
765 3625 808 3674 the
828 3623 923 3685 capital
942 3622 971 3672 of
989 3623 1031 3672 the
1053 3622 1155 3684 depart-

203 3703 276 3750 ua'me
287 3701 311 3748 is
322 3696 452 3760 supposed
468 3697 502 3756 by
513 3709 581 3744 some
597 3699 623 3744 to
634 3694 665 3744 be
690 3700 760 3744 ment
768 3693 797 3744 οῖ
805 3693 847 3746 the
859 3693 930 3744 Oiso.

205 3768 341 3819 acrushed
352 3768 415 3816 form
426 3765 455 3814 ol
462 3765 505 3814 the
514 3763 666 3814 wordsdm·
725 3793 736 3826 ⁴
751 3794 954 3857 ‹Omoeeminj
968 3795 1045 3845 Mss.
1057 3794 1153 3842 Laced.

205 3839 326 3888 bimum
336 3836 453 3900 neumas
469 3835 511 3884 the
528 3834 615 3894 βίῃ
633 3832 667 3880 Si'
691 3865 897 3916 audentius.
926 3865 1046 3913 chartres
1072 3879 1088 3911 a
1102 3864 1153 3921 city

204 3908 292 3958 tuated
303 3922 337 3955 ou
347 3905 445 3955 several
454 3903 577 3952 bracchas
588 3901 616 3949 ol
624 3901 666 3950 the
690 3937 717 3983 in
733 3935 775 3984 the
787 3936 944 3995 department
954 3933 983 3980 of
995 3933 1038 3980 the
1047 3898 1118 3978 ’Em
1129 3935 1155 3977 et

204 3979 312 4026 Somme.
348 3975 375 4024 It
397 3989 452 4024 was
469 3973 552 4022 called
567 3971 602 4034 by
624 3970 666 4018 the

205 4049 318 4098 ancients
329 4043 515 4094 Samerabrira.

239 4120 249 4148 ³
262 4115 400 4174 Beauvois,
415 4111 533 4172 formerly
546 4110 588 4158 the
600 4108 670 4157 chief

204 4188 255 4246 city
266 4186 295 4234 ol
310 4183 470 4244 beauvoisis,
487 4195 503 4228 a
519 4179 592 4230 small
609 4193 666 4241 pro-
727 4164 955 4231 ⁵‘coutinuatum,'
968 4167 1024 4218 MS.
1038 4167 1132 4216 Lansd.

676 4011 677 4014 ’
693 4002 922 4065 Loire,andoue0l
929 4001 971 4050 the
980 4005 1045 4048 most
1055 3999 1156 4046 ancient

691 4079 773 4121 towns
784 4073 811 4118 in
823 4072 929 4117 Franco.
