3122 4982
419 480 485 546 228
789 493 998 546 cuaouroorv

270 665 364 756 Bupapp
367 668 400 756 91⁸
420 653 533 715 lacurn
562 670 641 716 cum
667 650 805 733 scaphis
837 649 1060 725 transierunt,
1086 654 1121 710 et
1146 649 1375 731 apprehensis

257 799 395 838 ,meh
422 751 600 815 lotricibus
626 757 779 814 castrum
799 749 946 830 ingressi
968 754 1068 822 sunt3
1093 747 1305 828 fugientibus
1329 749 1375 811 ad

258 848 360 937 ξξῇῗξξξ
424 871 542 914 eorum
557 850 733 913 introitum
750 849 954 931 quibusdam
970 868 1015 910 ex
1030 846 1231 910 custodibus
1246 855 1281 910 et
1297 847 1377 910 aliis

259 947 360 987 ⁶⁸¹¹¹¹¹⁶·
424 949 692 1032 comprehensis,
715 948 962 1028 confestimque
982 952 1204 1013 attraxerunt
1226 947 1313 1009 alios
1340 954 1378 1008 et

260 1059 287 1098 Α
299 1059 326 1099 ¹>
337 1059 393 1099 ¹¹⁹⁹-
424 1049 507 1112 facti
532 1056 613 1112 sunt
642 1047 743 1128 quasi
772 1047 910 1110 robur'
901 1065 1117 1109 immensum.
1170 1044 1273 1122 Quod
1296 1065 1377 1108 cum

259 1123 412 1221 iiiiiim*
425 1148 579 1211 audisset
604 1166 667 1210 rex
692 1145 877 1222 Ricardus,
908 1164 990 1208 mox
1014 1164 1093 1207 cum
1118 1163 1253 1207 summa
1279 1144 1377 1207 festi-

261 1223 366 1270 '‘mm‘'
425 1247 564 1310 natione
580 1247 742 1322 accurrit,
757 1253 791 1308 et
813 1245 862 1308 sic
877 1243 1055 1307 inveniens
1073 1250 1225 1306 castrum
1241 1262 1378 1324 praeoc-

426 1353 592 1427 cupatum
609 1346 719 1409 iratus
739 1343 793 1408 est
814 1343 925 1420 valde,
948 1351 983 1407 et
1006 1349 1179 1406 commota
1202 1349 1285 1405 sunt
1304 1344 1378 1404 vis-

427 1463 507 1508 cera
520 1444 596 1526 ejus
613 1444 649 1506 in
664 1443 729 1506 hoc
745 1442 851 1518 sacto,
865 1440 1174 1524 declinavitque'ad
1187 1441 1379 1504 manerium

427 1562 529 1606 suum
546 1543 589 1605 de
612 1541 818 1616 ‘Awendeh
832 1540 858 1574 '¹
883 1542 974 1624 quod
997 1540 1101 1604 situm
1125 1546 1245 1603 estex
1269 1559 1379 1652 oppo-

427 1642 495 1706 sito
510 1640 665 1724 ejusdem
688 1641 806 1716 castri,
829 1640 1009 1723 interjecto
1032 1639 1173 1702 flumine
1195 1640 1245 1702 sic
1268 1640 1378 1702 nomi-

264 1773 341 1812 ωηο,
343 1762 399 1802 su·
427 1748 510 1804 nato
528 1738 737 1804 Awendelle.
777 1740 934 1822 Cumque
952 1739 1007 1802 die
1022 1738 1173 1820 quadam
1190 1737 1380 1820 spatiatum

264 1773 415 1908 hillidii?
428 1847 597 1921 pergeret,
613 1846 833 1921 castrumque
849 1845 884 1902 et
895 1839 960 1902 loci
973 1839 1078 1903 situm
1089 1837 1380 1919 circumspiceret,

429 1939 589 2020 cognitus
605 1945 659 2002 est
676 1938 862 2019 aquodam
878 1937 1120 2014 balistario,et
1086 1937 1261 2000 eemisso
1277 1938 1322 2000 ab
1338 1941 1391 1999 eo'

265 2044 444 2150 ¹⁸m⁰ffssl¹lyl
430 2037 500 2102 telo
530 2038 683 2118 graviter
710 2037 910 2100 vulneratus
940 2035 1019 2099 est.²
1077 2035 1274 2118 Vocatique
1300 2042 1383 2118 supt

266 2111 405 2192 illido
430 2137 613 2218 chirurgici
638 2137 698 2217 qui
727 2136 846 2199 dicunt
868 2136 899 2199 ei
926 2135 1018 2215 quod
1042 2135 1086 2198 ob
1109 2135 1259 2214 gratiam
1281 2153 1380 2198 recu-

431 2235 593 2318 perandae
616 2236 776 2298 sanitatis
801 2235 1040 2298 abstinendum
1059 2241 1150 2297 esset
1172 2235 1203 2296 ei
1225 2234 1383 2298 totaliter

431 2334 475 2396 ab
491 2335 583 2396 omui
599 2342 760 2397 contactu
783 2333 975 2409 mulierum,
993 2334 1090 2396 locus
1109 2335 1199 2396 enim
1226 2333 1382 2414 scapulae

430 2433 546 2514 inquo
561 2452 744 2515 percussus
756 2440 809 2495 est
820 2432 1035 2514 periculosus
1046 2439 1121 2496 erat
1133 2439 1169 2494 et
1177 2432 1384 2513 profundus

430 2539 572 2614 propter
588 2532 680 2613 quod
704 2531 960 2595 interdixerunt
975 2533 1007 2594 ei
1023 2551 1157 2610 curnem
1173 2531 1294 2594 uxoris
1310 2551 1384 2594 am-

431 2632 585 2713 plexum,
611 2632 723 2694 visum
750 2631 853 2694 etiam
880 2638 915 2693 et
944 2637 1095 2694 tactum:
1120 2631 1272 2710 quicum
1291 2638 1384 2694 esset

348 2763 350 2770 ι
430 2731 583 2793 lubricus
606 2730 707 2793 valde
726 2736 760 2792 et
785 2731 822 2792 in
844 2748 960 2792 amore
988 2729 1167 2792 mulierum
1195 2728 1384 2792 excandes-

416 2822 513 2891 cens
537 2829 647 2892 noluit
674 2828 857 2908 reprimere
882 2828 1022 2892 delicias
1043 2847 1138 2902 suae,
1160 2828 1221 2890 sed
1244 2828 1386 2892 salubre

432 2927 613 2989 consilium
635 2925 898 3008 parvipendens,
923 2947 993 2990 non
1012 2927 1149 2990 curavit
1171 2926 1213 2989 de
1230 2927 1385 3004 vulnere,

432 3045 474 3088 eo
486 3026 577 3106 quod
591 3025 760 3089 modicum
772 3033 866 3104 erat3
884 3032 918 3089 et
929 3035 939 3060 ‘
950 3023 1177 3088 infestatum’³
1194 3035 1258 3102 est,
1274 3026 1387 3090 crevit

432 3125 522 3186 enim
554 3145 723 3188 venenum
756 3132 792 3188 et
823 3124 1020 3209 desperatio
1051 3126 1133 3188 vitae
1165 3132 1284 3188 secuta
1316 3132 1384 3188 est.

469 3385 640 3447 '‘Anndelssi
679 3389 736 3438 MS.
781 3389 894 3450 Lansd.;
920 3390 961 3438 “I
975 3406 1046 3442 wene
1062 3391 1084 3438 it
1100 3390 1388 3454 hateChahalouns,or
1486 3419 1491 3426 ·
1557 3409 1558 3416 ¹

433 3457 575 3519 ‘sedete’
587 3457 643 3506 MS.
652 3457 720 3508 eott.
730 3458 788 3508 Tib.
991 3461 1012 3508 it
1024 3461 1083 3508 hate
1096 3459 1214 3521 Galiard,

468 3523 478 3554 ²
495 3527 558 3574 This
581 3533 690 3575 account
709 3529 737 3575 ol
759 3525 895 3577 Richard's
945 3528 1046 3578 Outher
1054 3529 1096 3578 the
1106 3528 1210 3578 castelle
1221 3543 1251 3576 or
1260 3529 1304 3577 the
1313 3535 1386 3590 toun,

433 3595 520 3656 death,
532 3595 628 3656 though
639 3599 683 3643 not
694 3610 722 3644 so
734 3599 854 3658 probable
867 3612 896 3646 as
991 3598 1047 3648 ther
1059 3602 1158 3660 smyteu
1168 3613 1224 3647 was
1236 3598 1379 3652 Richard,”

433 3663 488 3710 that
500 3665 629 3723 generally
636 3665 763 3726 received,
776 3667 798 3714 is
810 3681 897 3715 never-

433 3730 529 3779 theless
564 3732 742 3783 corroborated
780 3735 815 3795 by
853 3736 895 3784 the
921 3737 1156 3798 Everyparticular
1170 3735 1199 3784 of
1212 3735 1255 3784 the
1272 3736 1347 3784 affair
1365 3737 1388 3785 is

434 3799 570 3850 Chronicle
592 3801 621 3848 of
646 3800 759 3863 Londou,
782 3805 832 3852 aud
854 3805 896 3852 the
921 3806 1038 3854 involved
1062 3807 1088 3854 in
1110 3806 1248 3866 obscurity.
1292 3805 1335 3853 Sir
1357 3807 1388 3856 F.

434 3869 554 3917 Metrical
574 3869 701 3918 Romance
720 3887 897 3921 commemora·
923 3876 1049 3936 Palgrave
1064 3876 1111 3925 has
1122 3875 1245 3924 collected
1256 3875 1299 3922 the
1312 3890 1389 3936 vary-

434 3940 485 3988 tive
502 3938 531 3987 of
543 3938 586 3988 the
603 3938 684 3988 Gesta
701 3939 730 3988 of
746 3942 798 3990 this
817 3943 896 4004 Kiug.
922 3945 965 4005 ing
977 3948 1126 3992 statements
1136 3944 1165 3992 of
1173 3945 1274 3992 ancient
1285 3945 1389 3993 writers

434 4009 511 4058 Peter
521 4008 640 4071 Langtoft
647 4009 706 4060 thus
716 4025 849 4072 expresses
857 4012 897 4062 his
921 4015 1066 4075 respecting
1077 4014 1128 4062 this
1142 4014 1249 4074 subJect.
1286 4013 1336 4061 See
1348 4014 1390 4062 his

433 4079 552 4139 inability
563 4084 589 4127 to
606 4079 697 4128 decide
715 4081 800 4128 before
812 4081 897 4129 which
922 4083 1092 4132 introduction
1111 4087 1137 4131 ιο
1153 4083 1195 4131 the
1213 4083 1267 4130 first
1285 4083 1390 4132 volume

434 4147 462 4196 of
475 4148 518 4196 the
530 4153 580 4197 two
592 4149 680 4209 places
692 4149 805 4198 Richard
817 4149 898 4200 Coeur
913 4152 951 4200 'of
960 4152 1002 4200 the
1015 4152 1102 4200 Rotuli
1113 4151 1200 4201 Ouriae
1213 4148 1300 4212 Regis.

434 4217 466 4263 de
478 4217 540 4265 Liou
552 4218 647 4266 iellr—
958 4217 968 4248 ³
984 4217 1180 4282 ‘infeseatumss
1189 4219 1394 4270 MS.Goll.Arm.
