3116 4990
422 469 593 525 wanruat
617 478 664 524 nn
688 475 970 526 unuruonuncn
1096 461 1165 526 153

214 607 408 710 transitum,
423 634 604 698 satisfecit
657 632 783 717 Itaque
808 632 955 699 Latinus
976 635 1162 716 huperator
1191 647 1311 739 RQJ,

214 748 292 792 cum
322 733 478 796 exercitu
513 750 575 815 per
612 730 947 816 Constantinopolim
978 700 1352 811 transiens,··-··

211 827 339 894 fretum
369 832 461 914 quod
498 831 683 898 Brachium
713 833 833 896 Sancti
863 828 1008 915 Georgii
1037 832 1163 896 dicitur

214 946 377 1011 prospere
413 931 649 995 transmeavit.
706 931 928 1013 veniensque
968 933 1004 994 in
1041 931 1162 996 Asiam

216 1025 387 1091 Minorem
416 1029 516 1112 cujus
547 1048 627 1112 pars
655 1030 815 1111 quadam
847 1029 1163 1113 Constantinopoli·

214 1130 306 1189 tanae
331 1127 472 1192 ditionis
494 1136 559 1206 est,
588 1128 681 1210 parti
708 1149 791 1194 vero
816 1129 959 1211 reliquas
992 1129 1163 1193 Soldanus

215 1221 344 1288 Iconii²
362 1227 545 1309 praesidet,
569 1227 705 1308 magnis
726 1229 864 1292 actibus
881 1228 953 1291 ‘illi
971 1226 1163 1292 Soldano'²

215 1329 292 1386 erat
329 1325 514 1390 terribilist
555 1333 728 1408 captaque
768 1325 981 1407 amplissima
1022 1326 1298 1425 civitatefflffid

216 1418 351 1485 Iconio
364 1431 400 1486 et
427 1423 695 1506 locupletissima
727 1424 847 1506 praeda
875 1424 1018 1505 direpta,
1047 1423 1161 1488 Chris-

215 1519 329 1583 tianus
351 1523 536 1600 exercitus,
554 1523 778 1604 imperatoria
799 1522 995 1604 provisione
1017 1523 1161 1605 biparti-

216 1626 284 1694 tus,
313 1619 349 1682 in
378 1621 502 1685 castris
533 1622 741 1699 excubabat,
771 1641 872 1685 amne
908 1621 1021 1684 medio
1055 1622 1160 1686 inter·

216 1715 365 1796 labente,
385 1719 553 1786 discretis.
601 1721 758 1804 Cumque
782 1721 1081 1803 imperatoreque
1106 1740 1160 1784 se·

216 1815 299 1880 dens
310 1818 431 1896 filium,
447 1821 610 1907 quiparti
624 1821 797 1888 exereitus
814 1820 907 1884 ultra
923 1839 1057 1884 amnem
1072 1839 1162 1901 prae-

218 1924 303 1993 erat,
326 1918 458 1982 visendi
489 1928 525 1985 et
558 1919 755 2002 alloquendi
788 1919 903 1983 studio
932 1938 1012 1982 cum
1041 1920 1162 2001 paucis

216 2033 352 2079 amnem
379 2018 482 2083 vellet
508 2019 657 2083 medium
684 2026 909 2094 transmeare,
940 2018 1118 2082 dissuasus
1140 2038 1162 2082 a

217 2115 398 2179 comitibus
413 2137 458 2182 ne
483 2137 521 2182 se
540 2117 593 2181 vir
611 2124 729 2182 tantus
754 2116 951 2200 petulanter
975 2117 1011 2180 in
1027 2136 1162 2181 amnem

217 2212 337 2278 daret'
328 2218 555 2298 incognitum,
566 2225 722 2282 extrema
731 2236 809 2280 eum
824 2222 918 2280 sorte
933 2222 1079 2296 urgente
1093 2235 1162 2279 non

217 2313 404 2414 adquieuit.
451 2316 519 2379 Sed
535 2317 723 2398 imperialis
734 2316 861 2379 oblitus
874 2315 1081 2396 gravitatis‘
1092 2315 1143 2378 in'
1148 2314 1291 2388 ³peritura
1292 2350 1325 2378 101

216 2405 390 2494 gurgitem
419 2414 535 2480 fallaci
559 2416 729 2481 brevitate
751 2414 1043 2496 contemptibilem
1071 2389 1306 2497 οιιικιιιιὶῐωηιοίι

216 2511 393 2576 stimulato
422 2515 615 2596 prosiliens,
646 2515 857 2579 intuentibus
887 2513 1068 2577 comitibus
1099 2532 1162 2578 nec

217 2610 400 2676 subvenire
421 2614 629 2691 valentibnS,
652 2614 688 2677 in
709 2619 882 2677 momento
906 2612 1095 2676 suffocatus
1109 2613 1161 2675 iu-

218 2707 338 2774 teriit.⁴
387 2712 479 2777 Sane
510 2715 682 2778 exercitus
713 2713 929 2778 Christianus
952 2713 1003 2776 ita
1028 2711 1163 2792 stupuit

218 2807 396 2892 doluitque
409 2812 453 2876 de
470 2820 572 2896 raptu
587 2812 762 2895 principis,
778 2819 830 2888 ut,
848 2809 1011 2894 collapsis
1027 2811 1161 2887 animis,

218 2916 353 2973 matura
387 2911 537 2976 hostium
569 2911 688 2995 praeda
722 2911 918 2976 videretur·
955 2927 1074 2974 verum
1107 2929 1160 2974 re·
1175 2934 1326 2974 ursmare·

217 3015 355 3091 sumpto
377 3010 554 3094 paulisper
577 3012 714 3094 spiritu,
740 3011 816 3074 loco
834 3009 981 3074 extincti
997 3009 1160 3092 principis
1173 2985 1296 3080 miii,

217 3111 301 3171 ‘suo
327 3107 434 3173 iilio’⁵
455 3112 619 3192 praesenti
641 3110 834 3174 Suevorum
856 3108 935 3173 duci
960 3107 1108 3172 adhaesit
1125 3115 1161 3172 et

217 3208 350 3288 paruit:
375 3211 435 3290 qui
456 3209 591 3292 paterni
613 3209 778 3291 corporis,
801 3207 892 3290 quod
914 3216 993 3289 post
1013 3208 1085 3270 dies
1103 3207 1163 3272 ali-

217 3315 302 3388 quot
324 3327 417 3389 aegre
437 3310 616 3375 inventum
641 3308 778 3384 dicitur,
804 3307 939 3370 ossibus
964 3307 1163 3388 assumptis,

218 3396 315 3469 ‘in'⁶
344 3408 453 3472 multo
484 3409 642 3472 laborum
674 3414 710 3471 et
741 3406 971 3490 periculorum
1003 3405 1163 3488 ‘experi-

217 3505 369 3584 mento,’²
396 3527 473 3571 eum
496 3508 652 3572 exercitu
669 3525 873 3588 progressus
888 3512 952 3568 est.
1006 3505 1164 3587 Denique
1273 3547 1279 3558 .

217 3611 336 3670 tantus
354 3608 526 3671 exereitus
544 3627 607 3689 per
627 3608 719 3670 viam
741 3603 974 3686 longissimam
995 3604 1164 3686 paulatim

215 3705 315 3768 bellis
338 3707 534 3788 morbisque
561 3705 739 3770 confectus
763 3713 867 3786 atque
892 3703 1095 3766 imminutus
1113 3703 1164 3766 ita

253 3891 259 3922 ¹
278 3895 346 3943 Now
364 3895 455 3957 Cogni,
472 3895 514 3944 the
534 3893 628 3955 capital
650 3892 680 3941 of
736 3887 745 3916 ⁴
762 3890 804 3940 On
821 3889 863 3938 the
880 3887 978 3936 lothes
989 3887 1085 3948 June,¹
1079 3901 1105 3934 ιιι
1120 3886 1164 3934 the

216 3963 376 4013 Caramania.
701 3961 767 4010 river
778 3959 852 4018 Salii,
861 3958 904 4006 the
915 3957 1016 4006 ancient
1030 3955 1146 4015 Cydnus.

736 4027 746 4056 ⁸
763 4026 886 4088 Supplied
897 4025 960 4073 from
972 4023 1031 4072 MS.
1044 4023 1139 4072 Lanad.

249 4096 478 4162 '‘illeSoldanus,
479 4099 548 4149 MS
550 4097 617 4150 eott
618 4097 675 4146 Tib.
736 4095 770 4126 θ’
762 4097 821 4156 ‘let
832 4095 890 4144 MS.
901 4093 970 4142 cett.
979 4092 1036 4142 Tib.

736 4162 770 4195 ⁷‘
763 4164 1016 4226 ‘experimentorum
1018 4161 1085 4212 ’.ΜΒ
1097 4160 1164 4210 Οοιι.

250 4231 388 4298 ³‘etiam,'
399 4233 457 4283 MS.
470 4235 537 4284 Cott.
549 4233 606 4282 Tib.
701 4235 760 4285 Tib.
813 4303 818 4312 '
