3132 4996
419 477 464 540 34
801 493 1007 539 eunouroon

270 664 400 754 ,Hsslllgp
422 647 652 728 ‘semirutis,’¹
670 651 822 714 ecclesiis
842 652 1038 727 destructis,
1059 651 1263 714 habitationi
1279 650 1368 712 fera-

263 767 498 814 ““···“··ιιιιιι
524 752 690 834 deputata
714 758 777 814 est.
856 751 1029 832 Regnavit
1051 753 1169 833 itaque
1193 771 1257 814 rex
1279 749 1369 813 Wil-

423 852 545 914 lelmus
576 866 653 913 xw.
684 850 783 913 annis
807 851 961 933 exceptis
994 867 1132 915 xxvru.
1163 847 1307 925 diebus,2
1336 855 1371 910 et

422 958 578 1015 mortuus
613 947 707 1024 este
733 949 787 1012 cui
817 949 983 1013 successit
1007 949 1125 1033 junior
1155 949 1261 1012 frater
1294 947 1370 1030 ejus

423 1050 606 1114 Henricus.
691 1048 784 1113 Ante
812 1057 956 1113 mortem
984 1051 1040 1112 vel
1069 1069 1187 1112 casum
1204 1047 1371 1112 Willelmi

421 1150 512 1231 regis
539 1150 684 1230 contigit
709 1148 745 1211 in
770 1168 861 1230 pago
883 1150 942 1231 qui
968 1147 1238 1212 Barrukeschire
1261 1146 1369 1211 nomi-

421 1256 524 1313 natur
551 1249 704 1312 mirabile
736 1248 918 1329 quoddam,
948 1249 1038 1330 quod
1067 1249 1208 1330 sanguis
1236 1246 1366 1309 scilicet

422 1349 595 1412 emanavit
624 1348 820 1428 aquodam
850 1348 943 1413 fonte
973 1348 1098 1411 ibidem
1125 1348 1235 1412 tribus
1264 1346 1369 1427 septi-

422 1446 531 1510 manis
548 1446 727 1510 continuis,

578 1670 627 1733 Do
641 1669 835 1734 prunorum
849 1670 981 1733 uarat
997 1670 1089 1754 aaa
1097 1670 1209 1754 prema

258 1859 404 1949 geres-tonos
471 1842 574 1907 Anno
610 1844 729 1907 eodem
766 1862 839 1909 unc
877 1843 1054 1907 Willelmo
1091 1842 1164 1922 regi
1202 1841 1369 1904 successit

281 1909 352 1959 Μ’
422 1942 594 2007 Henricus
616 1942 723 2008 frater
743 1944 831 2028 ejus,
856 1944 916 2025 qui
938 1944 1033 2006 solus
1061 1961 1083 2006 a
1102 1960 1183 2022 rege
1204 1947 1368 2005 coronato

420 2051 620 2124 procreatus
649 2051 711 2117 est,
736 2052 921 2126 postquam
952 2051 1052 2124 pater
1073 2041 1148 2124 ejus
1172 2039 1368 2104 Willelmus

423 2141 648 2225 Conquaestor
676 2163 819 2225 regnum
848 2141 985 2224 Angliae
1020 2149 1055 2206 et
1086 2140 1244 2204 diadema
1269 2139 1368 2220 regni

257 2257 398 2354 propaga
420 2250 631 2324 susceperat.
698 2243 768 2307 Hic
790 2262 812 2306 a
835 2241 1005 2307 Mauricio
1033 2239 1262 2303 Londoniensi
1296 2239 1367 2320 epi-

257 2317 313 2408 hii
327 2318 361 2397 ἕω
376 2317 409 2356 “”
421 2359 526 2422 scopo
565 2361 674 2404 nonas
703 2339 853 2424 Augusti
891 2343 983 2424 apud
1020 2338 1367 2405 westmonasterium

422 2448 641 2504 consecratus
664 2442 774 2505 estin
799 2459 935 2522 regem3
957 2441 1017 2524 qui
1038 2439 1157 2504 eodem
1178 2439 1234 2502 die
1249 2457 1367 2502 conse-

421 2540 583 2604 crationis
604 2559 676 2606 suae
697 2541 876 2604 ecclesiam
895 2541 961 2604 Dei
978 2547 1146 2616 sanctam,
1161 2558 1238 2620 quae
1253 2537 1368 2600 fratris

421 2639 475 2701 sui
497 2646 650 2722 tempore
672 2641 813 2704 vendita
831 2639 944 2706 fuerat
965 2646 1000 2703 et
1020 2639 1063 2702 ad
1086 2639 1219 2701 firmam
1241 2637 1367 2719 posita,

257 2760 367 2800 nerana
420 2738 562 2802 liberam
586 2738 668 2802 fecit
692 2748 727 2802 et
749 2741 793 2803 ab
816 2740 908 2802 omni
930 2740 1095 2802 servitute
1113 2739 1285 2820 quietam3
1309 2756 1368 2799 ve-

257 2810 409 2907 illiditur
421 2839 605 2902 nerahilem
620 2840 724 2902 etiam
741 2838 941 2902 Anselmum
958 2838 1239 2903 Cantuariensem
1257 2835 1367 2898 archi-

256 2915 369 3020 billi,
420 2937 628 3019 episcopum,
644 2957 745 3019 quern
772 2939 879 3003 frater
894 2938 968 3021 ejus
990 2938 1204 3013 exulaverat,
1220 2955 1302 2998 mox
1323 2935 1366 2998 ad

256 3009 387 3108 illim
418 3037 558 3118 propria
576 3039 762 3113 revocavit,
779 3045 813 3101 et
833 3057 950 3102 omnes
973 3038 1083 3101 malas
1104 3035 1367 3100 consuetudines

420 3144 454 3199 et
483 3136 630 3219 injustas
661 3138 859 3202 exactiones
888 3138 1010 3221 quibus
1043 3124 1173 3216 Anglia
1198 3135 1367 3218 opprime-

418 3235 522 3299 batur
536 3237 673 3321 injuste,
689 3237 732 3300 de
754 3238 865 3302 medio
885 3237 1039 3301 abstulit.
1092 3235 1220 3308 Pacem
1233 3235 1366 3297 firmam

418 3335 453 3397 in
467 3343 542 3400 toto
557 3357 662 3419 regno
680 3357 743 3400 suo
761 3338 887 3420 posuit,
910 3344 945 3400 at
963 3337 1076 3417 legem
1094 3335 1185 3416 regis
1204 3333 1366 3398 Edwardi

417 3437 574 3500 omnihus
606 3437 641 3499 in
673 3457 851 3500 commune
882 3436 1038 3512 reddidit,
1070 3454 1147 3499 cum
1177 3433 1364 3497 emendati-

417 3536 539 3598 onibus
564 3534 632 3599 illis
654 3537 779 3617 quibus
805 3555 881 3599 eam
904 3535 1144 3599 emendaverat
1164 3542 1263 3616 pater
1279 3532 1365 3616 ejus.

417 3631 484 3694 Sed
500 3634 645 3697 forestas
664 3655 751 3716 quas
773 3635 830 3698 ille
852 3635 1030 3699 constituit
1051 3640 1107 3698 ‘et
1121 3631 1261 3698 tenuit'³
1286 3651 1366 3696 con-

452 3889 460 3919 ¹
477 3893 545 3941 ‘Dei
556 3893 665 3956 dirutis,'
677 3896 733 3945 MS.
742 3895 809 3946 cett.
818 3897 874 3948 Tib.
901 3899 971 3948 eides
982 3899 1044 3948 with
1063 3899 1105 3947 the
1122 3899 1181 3948 date
1194 3900 1223 3948 ol
1228 3899 1365 3948 William’s

451 3965 461 3995 ²
488 3963 550 4012 This
577 3967 746 4025 computation
780 3967 809 4015 ol
833 3968 875 4016 the
901 3968 1365 4031 coronation,northatofhisfather's

414 4034 500 4096 length
513 4035 541 4083 os
548 4034 590 4083 the
600 4036 672 4098 reign
684 4037 827 4086 olWilliam
836 4038 874 4087 II.
900 4039 986 4101 death,
1003 4039 1049 4087 hut
1065 4039 1129 4087 lixas
1140 4038 1180 4086 his
1196 4039 1326 4088 accession
1338 4045 1365 4088 at

414 4105 436 4152 is
449 4105 571 4166 probably
582 4105 658 4154 taken
670 4106 732 4155 from
741 4107 874 4167 Heredem
901 4109 979 4158 about
989 4108 1032 4157 the
1043 4108 1087 4156 eth
1098 4108 1128 4156 of
1135 4108 1197 4170 July
1212 4112 1285 4159 108⁷.

413 4174 434 4222 it
451 4179 527 4235 must,
537 4175 664 4238 however,
676 4177 708 4224 be
725 4178 873 4227 considered

412 4257 473 4303 very
481 4243 607 4307 doubtful,
617 4246 656 4293 for
666 4245 687 4293 it
697 4246 795 4296 neither
805 4249 872 4295 coin·
934 4245 945 4276 ³
962 4248 1076 4308 Omitted
1087 4249 1114 4296 in
1125 4247 1182 4297 MS.
1192 4247 1259 4298 cat.
1270 4247 1328 4298 Tib.
