<?xml version="1.0" encoding="UTF-8"?>
<!DOCTYPE html PUBLIC "-//W3C//DTD XHTML 1.0 Transitional//EN"
    "http://www.w3.org/TR/xhtml1/DTD/xhtml1-transitional.dtd">
<html xmlns="http://www.w3.org/1999/xhtml" xml:lang="en" lang="en">
 <head>
  <title>
</title>
<meta http-equiv="Content-Type" content="text/html;charset=utf-8" />
  <meta name='ocr-system' content='tesseract 3.04.00' />
  <meta name='ocr-capabilities' content='ocr_page ocr_carea ocr_par ocr_line ocrx_word'/>
</head>
<body>
  <div class='ocr_page' id='page_1' title='image "./chronicondomini01hamigoog_0247.png"; bbox 0 0 3122 4982; ppageno 0'>
   <div class='ocr_carea' id='block_1_1' title="bbox 414 447 1161 513">
    <p class='ocr_par' dir='ltr' id='par_1_1' title="bbox 414 447 1161 513">
     <span class='ocr_line' id='line_1_1' title="bbox 414 447 1161 513; baseline 0.004 -3"><span class='ocrx_word' id='word_1_1' title='bbox 414 459 585 510; x_wconf 73' lang='lat' dir='ltr'>weuram</span> <span class='ocrx_word' id='word_1_2' title='bbox 610 461 657 508; x_wconf 82' lang='lat' dir='ltr'>nn</span> <span class='ocrx_word' id='word_1_3' title='bbox 681 461 963 512; x_wconf 79' lang='lat' dir='ltr'>nantuennnen.</span> <span class='ocrx_word' id='word_1_4' title='bbox 1094 447 1161 513; x_wconf 74' lang='lat'>223</span> 
     </span>
    </p>
   </div>
   <div class='ocr_carea' id='block_1_2' title="bbox 207 617 1322 3964">
    <p class='ocr_par' dir='ltr' id='par_1_2' title="bbox 207 617 1322 3964">
     <span class='ocr_line' id='line_1_2' title="bbox 208 617 1309 720; baseline 0.005 -43"><span class='ocrx_word' id='word_1_5' title='bbox 208 631 290 677; x_wconf 90' lang='lat' dir='ltr'>num</span> <span class='ocrx_word' id='word_1_6' title='bbox 312 623 480 692; x_wconf 84' lang='lat' dir='ltr'>vestrum,</span> <span class='ocrx_word' id='word_1_7' title='bbox 505 623 545 680; x_wconf 88' lang='lat' dir='ltr'>ut</span> <span class='ocrx_word' id='word_1_8' title='bbox 564 617 655 680; x_wconf 87' lang='lat' dir='ltr'>enim</span> <span class='ocrx_word' id='word_1_9' title='bbox 673 633 752 698; x_wconf 85' lang='lat' dir='ltr'>qnae</span> <span class='ocrx_word' id='word_1_10' title='bbox 778 617 862 681; x_wconf 89' lang='lat' dir='ltr'>mibi</span> <span class='ocrx_word' id='word_1_11' title='bbox 881 617 936 682; x_wconf 88' lang='lat' dir='ltr'>vel</span> <span class='ocrx_word' id='word_1_12' title='bbox 959 617 1076 683; x_wconf 89' lang='lat' dir='ltr'>intulit</span> <span class='ocrx_word' id='word_1_13' title='bbox 1102 619 1159 684; x_wconf 84' lang='lat' dir='ltr'>vel</span> <span class='ocrx_word' id='word_1_14' title='bbox 1184 629 1309 720; x_wconf 45' lang='lat' dir='ltr'>yffi}</span> 
     </span>
     <span class='ocr_line' id='line_1_3' title="bbox 208 705 1322 800; baseline 0.008 -25"><span class='ocrx_word' id='word_1_15' title='bbox 208 713 348 778; x_wconf 89' lang='lat' dir='ltr'>molitus</span> <span class='ocrx_word' id='word_1_16' title='bbox 371 721 424 778; x_wconf 91' lang='lat' dir='ltr'>est</span> <span class='ocrx_word' id='word_1_17' title='bbox 446 715 540 778; x_wconf 90' lang='lat' dir='ltr'>mala</span> <span class='ocrx_word' id='word_1_18' title='bbox 561 714 728 780; x_wconf 89' lang='lat' dir='ltr'>oblivioni</span> <span class='ocrx_word' id='word_1_19' title='bbox 753 715 936 781; x_wconf 89' lang='lat' dir='ltr'>tradantur</span> <span class='ocrx_word' id='word_1_20' title='bbox 966 735 1077 800; x_wconf 85' lang='lat' dir='ltr'>usque</span> <span class='ocrx_word' id='word_1_21' title='bbox 1113 705 1322 783; x_wconf 74' lang='lat' dir='ltr'>ad··&#39;··&#39;···&#39;·</span> 
     </span>
     <span class='ocr_line' id='line_1_4' title="bbox 208 813 1160 882; baseline 0.007 -8"><span class='ocrx_word' id='word_1_22' title='bbox 208 815 342 878; x_wconf 82' lang='lat' dir='ltr'>unnmi</span> <span class='ocrx_word' id='word_1_23' title='bbox 366 813 469 877; x_wconf 85' lang='lat' dir='ltr'>Certe</span> <span class='ocrx_word' id='word_1_24' title='bbox 493 815 538 878; x_wconf 89' lang='lat' dir='ltr'>ab</span> <span class='ocrx_word' id='word_1_25' title='bbox 560 813 703 878; x_wconf 76' lang='lat' dir='ltr'>Oriente</span> <span class='ocrx_word' id='word_1_26' title='bbox 726 814 861 878; x_wconf 86' lang='lat' dir='ltr'>rediens</span> <span class='ocrx_word' id='word_1_27' title='bbox 878 822 914 880; x_wconf 88' lang='lat' dir='ltr'>et</span> <span class='ocrx_word' id='word_1_28' title='bbox 931 816 1092 881; x_wconf 87' lang='lat' dir='ltr'>detentus</span> <span class='ocrx_word' id='word_1_29' title='bbox 1114 819 1160 882; x_wconf 88' lang='lat' dir='ltr'>ab</span> 
     </span>
     <span class='ocr_line' id='line_1_5' title="bbox 207 910 1159 997; baseline 0.007 -24"><span class='ocrx_word' id='word_1_30' title='bbox 207 911 415 994; x_wconf 79' lang='lat' dir='ltr'><strong>imperatore</strong></span> <span class='ocrx_word' id='word_1_31' title='bbox 430 910 693 976; x_wconf 86' lang='lat' dir='ltr'>‘Tbeutouico&#39;¹</span> <span class='ocrx_word' id='word_1_32' title='bbox 709 923 869 995; x_wconf 88' lang='lat' dir='ltr'>respectu</span> <span class='ocrx_word' id='word_1_33' title='bbox 884 915 990 996; x_wconf 78' lang='lat' dir='ltr'>regiae</span> <span class='ocrx_word' id='word_1_34' title='bbox 1003 933 1159 997; x_wconf 75' lang='lat' dir='ltr'>personae</span> 
     </span>
     <span class='ocr_line' id='line_1_6' title="bbox 208 1011 1159 1096; baseline 0.007 -25"><span class='ocrx_word' id='word_1_35' title='bbox 208 1011 347 1074; x_wconf 87' lang='lat' dir='ltr'>mollius</span> <span class='ocrx_word' id='word_1_36' title='bbox 362 1013 538 1076; x_wconf 79' lang='lat' dir='ltr'>tractabat</span> <span class='ocrx_word' id='word_1_37' title='bbox 559 1019 595 1075; x_wconf 90' lang='lat' dir='ltr'>et</span> <span class='ocrx_word' id='word_1_38' title='bbox 617 1031 696 1075; x_wconf 88' lang='lat' dir='ltr'>cnm</span> <span class='ocrx_word' id='word_1_39' title='bbox 713 1012 847 1076; x_wconf 89' lang='lat' dir='ltr'>decenti</span> <span class='ocrx_word' id='word_1_40' title='bbox 866 1014 1019 1093; x_wconf 83' lang='lat' dir='ltr'>bonore3</span> <span class='ocrx_word' id='word_1_41' title='bbox 1041 1033 1159 1096; x_wconf 88' lang='lat' dir='ltr'>super-</span> 
     </span>
     <span class='ocr_line' id='line_1_7' title="bbox 208 1110 1159 1195; baseline 0.006 -23"><span class='ocrx_word' id='word_1_42' title='bbox 208 1110 350 1173; x_wconf 87' lang='lat' dir='ltr'>veniens</span> <span class='ocrx_word' id='word_1_43' title='bbox 376 1117 494 1174; x_wconf 88' lang='lat' dir='ltr'>antem</span> <span class='ocrx_word' id='word_1_44' title='bbox 519 1110 585 1175; x_wconf 85' lang='lat' dir='ltr'>iste</span> <span class='ocrx_word' id='word_1_45' title='bbox 602 1110 762 1175; x_wconf 89' lang='lat' dir='ltr'>dominns</span> <span class='ocrx_word' id='word_1_46' title='bbox 777 1119 892 1176; x_wconf 86' lang='lat' dir='ltr'>vester</span> <span class='ocrx_word' id='word_1_47' title='bbox 907 1113 1007 1195; x_wconf 81' lang='lat' dir='ltr'><strong>quasi</strong></span> <span class='ocrx_word' id='word_1_48' title='bbox 1029 1113 1065 1176; x_wconf 91' lang='lat' dir='ltr'>in</span> <span class='ocrx_word' id='word_1_49' title='bbox 1079 1133 1159 1178; x_wconf 82' lang='lat' dir='ltr'>ves·</span> 
     </span>
     <span class='ocr_line' id='line_1_8' title="bbox 208 1210 1159 1295; baseline 0.006 -25"><span class='ocrx_word' id='word_1_50' title='bbox 208 1227 290 1289; x_wconf 89' lang='lat' dir='ltr'>pere</span> <span class='ocrx_word' id='word_1_51' title='bbox 313 1228 391 1271; x_wconf 90' lang='lat' dir='ltr'>cum</span> <span class='ocrx_word' id='word_1_52' title='bbox 418 1210 625 1291; x_wconf 81' lang='lat' dir='ltr'>imperatore</span> <span class='ocrx_word' id='word_1_53' title='bbox 642 1218 775 1274; x_wconf 89' lang='lat' dir='ltr'>secreto</span> <span class='ocrx_word' id='word_1_54' title='bbox 788 1212 975 1291; x_wconf 81' lang='lat' dir='ltr'>tractavit;</span> <span class='ocrx_word' id='word_1_55' title='bbox 998 1219 1034 1275; x_wconf 91' lang='lat' dir='ltr'>et</span> <span class='ocrx_word' id='word_1_56' title='bbox 1059 1211 1159 1295; x_wconf 88' lang='lat' dir='ltr'>cujus</span> 
     </span>
     <span class='ocr_line' id='line_1_9' title="bbox 209 1307 1159 1392; baseline 0.007 -23"><span class='ocrx_word' id='word_1_57' title='bbox 209 1307 259 1370; x_wconf 90' lang='lat' dir='ltr'>rei</span> <span class='ocrx_word' id='word_1_58' title='bbox 293 1308 409 1388; x_wconf 79' lang='lat' dir='ltr'>gratia</span> <span class='ocrx_word' id='word_1_59' title='bbox 438 1309 582 1384; x_wconf 85' lang='lat' dir='ltr'>venerit,</span> <span class='ocrx_word' id='word_1_60' title='bbox 609 1314 643 1371; x_wconf 91' lang='lat' dir='ltr'>et</span> <span class='ocrx_word' id='word_1_61' title='bbox 671 1307 764 1389; x_wconf 91' lang='lat' dir='ltr'>apud</span> <span class='ocrx_word' id='word_1_62' title='bbox 789 1308 1031 1392; x_wconf 81' lang='lat' dir='ltr'><strong>imperatorem</strong></span> <span class='ocrx_word' id='word_1_63' title='bbox 1058 1319 1159 1376; x_wconf 89' lang='lat' dir='ltr'>nocte</span> 
     </span>
     <span class='ocr_line' id='line_1_10' title="bbox 210 1403 1159 1492; baseline 0.007 -25"><span class='ocrx_word' id='word_1_64' title='bbox 210 1403 293 1486; x_wconf 89' lang='lat' dir='ltr'>quid</span> <span class='ocrx_word' id='word_1_65' title='bbox 319 1407 437 1487; x_wconf 77' lang='lat' dir='ltr'>egerit,</span> <span class='ocrx_word' id='word_1_66' title='bbox 460 1413 626 1488; x_wconf 83' lang='lat' dir='ltr'>expertus</span> <span class='ocrx_word' id='word_1_67' title='bbox 648 1425 726 1470; x_wconf 89' lang='lat' dir='ltr'>sum</span> <span class='ocrx_word' id='word_1_68' title='bbox 749 1427 864 1485; x_wconf 87' lang='lat' dir='ltr'>mane,</span> <span class='ocrx_word' id='word_1_69' title='bbox 889 1415 1083 1492; x_wconf 56' lang='lat' dir='ltr'>maranata</span> <span class='ocrx_word' id='word_1_70' title='bbox 1104 1417 1159 1474; x_wconf 85' lang='lat' dir='ltr'>est</span> 
     </span>
     <span class='ocr_line' id='line_1_11' title="bbox 210 1505 1159 1590; baseline 0.007 -22"><span class='ocrx_word' id='word_1_71' title='bbox 210 1505 301 1568; x_wconf 89' lang='lat' dir='ltr'>euim</span> <span class='ocrx_word' id='word_1_72' title='bbox 316 1525 421 1587; x_wconf 87' lang='lat' dir='ltr'>snper</span> <span class='ocrx_word' id='word_1_73' title='bbox 438 1525 493 1570; x_wconf 89' lang='lat' dir='ltr'>me</span> <span class='ocrx_word' id='word_1_74' title='bbox 507 1523 630 1570; x_wconf 91' lang='lat' dir='ltr'>manus</span> <span class='ocrx_word' id='word_1_75' title='bbox 647 1507 876 1588; x_wconf 86' lang='lat' dir='ltr'>imperatoris,</span> <span class='ocrx_word' id='word_1_76' title='bbox 893 1515 1060 1590; x_wconf 85' lang='lat' dir='ltr'>tantoque</span> <span class='ocrx_word' id='word_1_77' title='bbox 1075 1529 1159 1574; x_wconf 82' lang='lat' dir='ltr'>mox</span> 
     </span>
     <span class='ocr_line' id='line_1_12' title="bbox 211 1605 1158 1687; baseline 0.006 -21"><span class='ocrx_word' id='word_1_78' title='bbox 211 1610 374 1668; x_wconf 88' lang='lat' dir='ltr'>oneratus</span> <span class='ocrx_word' id='word_1_79' title='bbox 402 1623 480 1669; x_wconf 90' lang='lat' dir='ltr'>snm</span> <span class='ocrx_word' id='word_1_80' title='bbox 509 1605 600 1669; x_wconf 85' lang='lat' dir='ltr'>ferro</span> <span class='ocrx_word' id='word_1_81' title='bbox 623 1611 791 1687; x_wconf 89' lang='lat' dir='ltr'>quantum</span> <span class='ocrx_word' id='word_1_82' title='bbox 825 1624 935 1687; x_wconf 88' lang='lat' dir='ltr'>equus</span> <span class='ocrx_word' id='word_1_83' title='bbox 957 1607 1014 1672; x_wconf 82' lang='lat' dir='ltr'>vel</span> <span class='ocrx_word' id='word_1_84' title='bbox 1039 1609 1158 1672; x_wconf 86' lang='lat' dir='ltr'>asinus</span> 
     </span>
     <span class='ocr_line' id='line_1_13' title="bbox 211 1702 1158 1788; baseline 0.007 -24"><span class='ocrx_word' id='word_1_85' title='bbox 211 1702 298 1766; x_wconf 86' lang='lat' dir='ltr'>serre</span> <span class='ocrx_word' id='word_1_86' title='bbox 314 1704 376 1767; x_wconf 84' lang='lat' dir='ltr'>vix</span> <span class='ocrx_word' id='word_1_87' title='bbox 402 1712 530 1784; x_wconf 88' lang='lat' dir='ltr'>posset.</span> <span class='ocrx_word' id='word_1_88' title='bbox 581 1703 605 1767; x_wconf 84' lang='lat' dir='ltr'>J</span> <span class='ocrx_word' id='word_1_89' title='bbox 610 1711 686 1768; x_wconf 91' lang='lat' dir='ltr'>uste</span> <span class='ocrx_word' id='word_1_90' title='bbox 715 1723 799 1786; x_wconf 78' lang='lat' dir='ltr'>ergo</span> <span class='ocrx_word' id='word_1_91' title='bbox 822 1703 995 1770; x_wconf 76' lang='lat' dir='ltr'>decernite</span> <span class='ocrx_word' id='word_1_92' title='bbox 1020 1707 1158 1788; x_wconf 86' lang='lat' dir='ltr'>qualem</span> 
     </span>
     <span class='ocr_line' id='line_1_14' title="bbox 210 1801 1159 1887; baseline 0.005 -23"><span class='ocrx_word' id='word_1_93' title='bbox 210 1801 369 1866; x_wconf 88' lang='lat' dir='ltr'>dominns</span> <span class='ocrx_word' id='word_1_94' title='bbox 397 1812 511 1867; x_wconf 88' lang='lat' dir='ltr'>vester</span> <span class='ocrx_word' id='word_1_95' title='bbox 537 1802 663 1868; x_wconf 89' lang='lat' dir='ltr'>habere</span> <span class='ocrx_word' id='word_1_96' title='bbox 688 1801 879 1868; x_wconf 85' lang='lat' dir='ltr'>custodiam</span> <span class='ocrx_word' id='word_1_97' title='bbox 908 1803 1034 1868; x_wconf 87' lang='lat' dir='ltr'>debeat</span> <span class='ocrx_word' id='word_1_98' title='bbox 1064 1805 1159 1887; x_wconf 88' lang='lat' dir='ltr'>apud</span> 
     </span>
     <span class='ocr_line' id='line_1_15' title="bbox 211 1901 1158 1983; baseline 0.004 -20"><span class='ocrx_word' id='word_1_99' title='bbox 211 1919 277 1977; x_wconf 88' lang='lat' dir='ltr'>me,</span> <span class='ocrx_word' id='word_1_100' title='bbox 290 1902 350 1981; x_wconf 92' lang='lat' dir='ltr'>qui</span> <span class='ocrx_word' id='word_1_101' title='bbox 361 1901 467 1965; x_wconf 83' lang='lat' dir='ltr'>talem</span> <span class='ocrx_word' id='word_1_102' title='bbox 481 1902 564 1965; x_wconf 92' lang='lat' dir='ltr'>mibi</span> <span class='ocrx_word' id='word_1_103' title='bbox 577 1902 659 1967; x_wconf 86' lang='lat' dir='ltr'>fecit</span> <span class='ocrx_word' id='word_1_104' title='bbox 675 1901 768 1983; x_wconf 87' lang='lat' dir='ltr'>apud</span> <span class='ocrx_word' id='word_1_105' title='bbox 780 1901 993 1965; x_wconf 86' lang='lat' dir='ltr'>detentorem</span> <span class='ocrx_word' id='word_1_106' title='bbox 1009 1904 1158 1967; x_wconf 87' lang='lat' dir='ltr'>menm.”</span> 
     </span>
     <span class='ocr_line' id='line_1_16' title="bbox 212 1998 1159 2081; baseline 0.003 -19"><span class='ocrx_word' id='word_1_107' title='bbox 212 1998 337 2063; x_wconf 86' lang='lat' dir='ltr'>Clerici</span> <span class='ocrx_word' id='word_1_108' title='bbox 350 2019 433 2064; x_wconf 88' lang='lat' dir='ltr'>vero</span> <span class='ocrx_word' id='word_1_109' title='bbox 462 2000 507 2065; x_wconf 88' lang='lat' dir='ltr'>ad</span> <span class='ocrx_word' id='word_1_110' title='bbox 533 2000 598 2065; x_wconf 90' lang='lat' dir='ltr'>hoc</span> <span class='ocrx_word' id='word_1_111' title='bbox 623 2021 692 2064; x_wconf 88' lang='lat' dir='ltr'>nou</span> <span class='ocrx_word' id='word_1_112' title='bbox 717 2000 883 2064; x_wconf 84' lang='lat' dir='ltr'>hebentes</span> <span class='ocrx_word' id='word_1_113' title='bbox 904 1999 985 2081; x_wconf 91' lang='lat' dir='ltr'>quid</span> <span class='ocrx_word' id='word_1_114' title='bbox 1005 1999 1159 2066; x_wconf 85' lang='lat' dir='ltr'>dicerent</span> 
     </span>
     <span class='ocr_line' id='line_1_17' title="bbox 209 2098 1158 2181; baseline 0.002 -21"><span class='ocrx_word' id='word_1_115' title='bbox 209 2098 367 2162; x_wconf 80' lang='lat' dir='ltr'>frustrati</span> <span class='ocrx_word' id='word_1_116' title='bbox 383 2099 540 2164; x_wconf 86' lang='lat' dir='ltr'>abierunt</span> <span class='ocrx_word' id='word_1_117' title='bbox 554 2120 563 2164; x_wconf 73' lang='grc' dir='ltr'><strong><em>ε</em></strong></span> <span class='ocrx_word' id='word_1_118' title='bbox 586 2099 770 2163; x_wconf 89' lang='lat' dir='ltr'>bellicosus</span> <span class='ocrx_word' id='word_1_119' title='bbox 784 2099 903 2180; x_wconf 87' lang='lat' dir='ltr'>itaque</span> <span class='ocrx_word' id='word_1_120' title='bbox 917 2099 1075 2181; x_wconf 82' lang='lat' dir='ltr'>pontifex</span> <span class='ocrx_word' id='word_1_121' title='bbox 1085 2117 1158 2163; x_wconf 88' lang='lat' dir='ltr'>ser-</span> 
     </span>
     <span class='ocr_line' id='line_1_18' title="bbox 210 2197 1157 2262; baseline 0.004 -4"><span class='ocrx_word' id='word_1_122' title='bbox 210 2199 358 2262; x_wconf 87' lang='lat' dir='ltr'>vabatur</span> <span class='ocrx_word' id='word_1_123' title='bbox 371 2198 408 2260; x_wconf 92' lang='lat' dir='ltr'>in</span> <span class='ocrx_word' id='word_1_124' title='bbox 418 2198 566 2262; x_wconf 87' lang='lat' dir='ltr'>vinculis</span> <span class='ocrx_word' id='word_1_125' title='bbox 582 2205 619 2262; x_wconf 90' lang='lat' dir='ltr'>et</span> <span class='ocrx_word' id='word_1_126' title='bbox 634 2199 850 2262; x_wconf 77' lang='lat' dir='ltr'>tractabatur</span> <span class='ocrx_word' id='word_1_127' title='bbox 859 2198 903 2262; x_wconf 87' lang='lat' dir='ltr'>ab</span> <span class='ocrx_word' id='word_1_128' title='bbox 921 2197 1077 2262; x_wconf 81' lang='lat' dir='ltr'>hostibus</span> <span class='ocrx_word' id='word_1_129' title='bbox 1093 2199 1157 2262; x_wconf 91' lang='lat' dir='ltr'>mi-</span> 
     </span>
     <span class='ocr_line' id='line_1_19' title="bbox 210 2295 1157 2380; baseline 0.002 -21"><span class='ocrx_word' id='word_1_130' title='bbox 210 2297 279 2360; x_wconf 90' lang='lat' dir='ltr'>tius</span> <span class='ocrx_word' id='word_1_131' title='bbox 305 2295 444 2360; x_wconf 69' lang='lat' dir='ltr'>‘forte’²</span> <span class='ocrx_word' id='word_1_132' title='bbox 469 2316 574 2380; x_wconf 88' lang='lat' dir='ltr'>quarn</span> <span class='ocrx_word' id='word_1_133' title='bbox 598 2303 783 2374; x_wconf 86' lang='lat' dir='ltr'>meruerat,</span> <span class='ocrx_word' id='word_1_134' title='bbox 811 2295 873 2362; x_wconf 79' lang='lat' dir='ltr'>sed</span> <span class='ocrx_word' id='word_1_135' title='bbox 905 2297 1008 2379; x_wconf 86' lang='lat' dir='ltr'>plana</span> <span class='ocrx_word' id='word_1_136' title='bbox 1037 2295 1157 2364; x_wconf 87' lang='lat' dir='ltr'>durius</span> 
     </span>
     <span class='ocr_line' id='line_1_20' title="bbox 210 2394 1156 2478; baseline 0.002 -19"><span class='ocrx_word' id='word_1_137' title='bbox 210 2412 314 2476; x_wconf 88' lang='lat' dir='ltr'>qnam</span> <span class='ocrx_word' id='word_1_138' title='bbox 346 2394 490 2460; x_wconf 85' lang='lat' dir='ltr'>decebat</span> <span class='ocrx_word' id='word_1_139' title='bbox 526 2396 747 2478; x_wconf 84' lang='lat' dir='ltr'>episcopum:</span> <span class='ocrx_word' id='word_1_140' title='bbox 770 2396 1005 2478; x_wconf 84' lang='lat' dir='ltr'>interpellavit</span> <span class='ocrx_word' id='word_1_141' title='bbox 1039 2403 1156 2461; x_wconf 90' lang='lat' dir='ltr'>antem</span> 
     </span>
     <span class='ocr_line' id='line_1_21' title="bbox 210 2494 1156 2577; baseline 0.003 -20"><span class='ocrx_word' id='word_1_142' title='bbox 210 2514 271 2576; x_wconf 85' lang='lat' dir='ltr'>per</span> <span class='ocrx_word' id='word_1_143' title='bbox 302 2513 384 2559; x_wconf 89' lang='lat' dir='ltr'>suos</span> <span class='ocrx_word' id='word_1_144' title='bbox 415 2495 611 2560; x_wconf 84' lang='lat' dir='ltr'>Romanum</span> <span class='ocrx_word' id='word_1_145' title='bbox 640 2494 835 2577; x_wconf 83' lang='lat' dir='ltr'>pontificem</span> <span class='ocrx_word' id='word_1_146' title='bbox 863 2502 903 2559; x_wconf 92' lang='lat' dir='ltr'>nt</span> <span class='ocrx_word' id='word_1_147' title='bbox 932 2495 1156 2560; x_wconf 88' lang='lat' dir='ltr'>ecclesiastici</span> 
     </span>
     <span class='ocr_line' id='line_1_22' title="bbox 208 2593 1157 2674; baseline 0.003 -18"><span class='ocrx_word' id='word_1_148' title='bbox 208 2594 339 2674; x_wconf 82' lang='lat' dir='ltr'>vigoris</span> <span class='ocrx_word' id='word_1_149' title='bbox 352 2594 520 2658; x_wconf 72' lang='lat' dir='ltr'>innatantia</span> <span class='ocrx_word' id='word_1_150' title='bbox 534 2594 739 2659; x_wconf 83' lang='lat' dir='ltr'>liberaretur</span> <span class='ocrx_word' id='word_1_151' title='bbox 759 2594 802 2658; x_wconf 89' lang='lat' dir='ltr'>de</span> <span class='ocrx_word' id='word_1_152' title='bbox 824 2594 983 2658; x_wconf 81' lang='lat' dir='ltr'>manibus</span> <span class='ocrx_word' id='word_1_153' title='bbox 997 2593 1157 2660; x_wconf 83' lang='lat' dir='ltr'>detento·</span> 
     </span>
     <span class='ocr_line' id='line_1_23' title="bbox 209 2692 1155 2778; baseline 0.001 -23"><span class='ocrx_word' id='word_1_154' title='bbox 209 2693 278 2766; x_wconf 88' lang='lat' dir='ltr'>ris;</span> <span class='ocrx_word' id='word_1_155' title='bbox 304 2693 365 2756; x_wconf 89' lang='lat' dir='ltr'>sed</span> <span class='ocrx_word' id='word_1_156' title='bbox 397 2693 457 2756; x_wconf 90' lang='lat' dir='ltr'>ille</span> <span class='ocrx_word' id='word_1_157' title='bbox 486 2711 642 2757; x_wconf 86' lang='lat' dir='ltr'>summus</span> <span class='ocrx_word' id='word_1_158' title='bbox 668 2692 825 2775; x_wconf 80' lang='lat' dir='ltr'>pontifex</span> <span class='ocrx_word' id='word_1_159' title='bbox 856 2693 1044 2778; x_wconf 82' lang='lat' dir='ltr'>prudenter</span> <span class='ocrx_word' id='word_1_160' title='bbox 1073 2711 1155 2757; x_wconf 89' lang='lat' dir='ltr'>con·</span> 
     </span>
     <span class='ocr_line' id='line_1_24' title="bbox 209 2790 1157 2875; baseline 0.003 -21"><span class='ocrx_word' id='word_1_161' title='bbox 209 2791 364 2855; x_wconf 82' lang='lat' dir='ltr'>sidereus</span> <span class='ocrx_word' id='word_1_162' title='bbox 379 2792 472 2872; x_wconf 89' lang='lat' dir='ltr'>qnod</span> <span class='ocrx_word' id='word_1_163' title='bbox 487 2811 550 2856; x_wconf 82' lang='lat' dir='ltr'>rex</span> <span class='ocrx_word' id='word_1_164' title='bbox 564 2790 759 2872; x_wconf 82' lang='lat' dir='ltr'>Auglornm</span> <span class='ocrx_word' id='word_1_165' title='bbox 771 2792 971 2875; x_wconf 85' lang='lat' dir='ltr'>episcopum</span> <span class='ocrx_word' id='word_1_166' title='bbox 986 2812 1056 2857; x_wconf 92' lang='lat' dir='ltr'>non</span> <span class='ocrx_word' id='word_1_167' title='bbox 1070 2812 1157 2874; x_wconf 82' lang='lat' dir='ltr'>prae-</span> 
     </span>
     <span class='ocr_line' id='line_1_25' title="bbox 209 2889 1157 2974; baseline 0.003 -22"><span class='ocrx_word' id='word_1_168' title='bbox 209 2889 381 2957; x_wconf 88' lang='lat' dir='ltr'>dicantem</span> <span class='ocrx_word' id='word_1_169' title='bbox 413 2891 475 2955; x_wconf 90' lang='lat' dir='ltr'>sed</span> <span class='ocrx_word' id='word_1_170' title='bbox 511 2889 728 2972; x_wconf 87' lang='lat' dir='ltr'>praeliantem</span> <span class='ocrx_word' id='word_1_171' title='bbox 764 2891 922 2973; x_wconf 74' lang='lat' dir='ltr'>cepisset,</span> <span class='ocrx_word' id='word_1_172' title='bbox 945 2898 980 2955; x_wconf 89' lang='lat' dir='ltr'>et</span> <span class='ocrx_word' id='word_1_173' title='bbox 1008 2891 1157 2974; x_wconf 79' lang='lat' dir='ltr'>rigidum</span> 
     </span>
     <span class='ocr_line' id='line_1_26' title="bbox 209 2989 1158 3072; baseline 0.005 -21"><span class='ocrx_word' id='word_1_174' title='bbox 209 2989 320 3070; x_wconf 82' lang='lat' dir='ltr'>magis</span> <span class='ocrx_word' id='word_1_175' title='bbox 335 2989 470 3054; x_wconf 85' lang='lat' dir='ltr'>bostem</span> <span class='ocrx_word' id='word_1_176' title='bbox 495 3009 600 3072; x_wconf 89' lang='lat' dir='ltr'>qnam</span> <span class='ocrx_word' id='word_1_177' title='bbox 624 2989 805 3071; x_wconf 84' lang='lat' dir='ltr'>pacificum</span> <span class='ocrx_word' id='word_1_178' title='bbox 821 2991 1005 3072; x_wconf 75' lang='lat' dir='ltr'>praesulem</span> <span class='ocrx_word' id='word_1_179' title='bbox 1026 2993 1158 3056; x_wconf 81' lang='lat' dir='ltr'>teneret</span> 
     </span>
     <span class='ocr_line' id='line_1_27' title="bbox 208 3087 1157 3166; baseline 0.004 -16"><span class='ocrx_word' id='word_1_180' title='bbox 208 3087 244 3150; x_wconf 90' lang='lat' dir='ltr'>in</span> <span class='ocrx_word' id='word_1_181' title='bbox 259 3089 421 3166; x_wconf 86' lang='lat' dir='ltr'>vinculis,</span> <span class='ocrx_word' id='word_1_182' title='bbox 430 3096 469 3154; x_wconf 91' lang='lat' dir='ltr'>nt</span> <span class='ocrx_word' id='word_1_183' title='bbox 480 3089 634 3152; x_wconf 86' lang='lat' dir='ltr'>vinctum</span> <span class='ocrx_word' id='word_1_184' title='bbox 648 3088 823 3153; x_wconf 83' lang='lat' dir='ltr'>retexeret</span> <span class='ocrx_word' id='word_1_185' title='bbox 835 3089 887 3152; x_wconf 91' lang='lat' dir='ltr'>illi</span> <span class='ocrx_word' id='word_1_186' title='bbox 903 3090 1067 3154; x_wconf 87' lang='lat' dir='ltr'>molestus</span> <span class='ocrx_word' id='word_1_187' title='bbox 1081 3109 1157 3154; x_wconf 88' lang='lat' dir='ltr'>esse</span> 
     </span>
     <span class='ocr_line' id='line_1_28' title="bbox 209 3186 1156 3270; baseline 0.001 -21"><span class='ocrx_word' id='word_1_188' title='bbox 209 3186 331 3264; x_wconf 90' lang='lat' dir='ltr'>noluit,</span> <span class='ocrx_word' id='word_1_189' title='bbox 354 3188 414 3251; x_wconf 88' lang='lat' dir='ltr'>sed</span> <span class='ocrx_word' id='word_1_190' title='bbox 443 3187 677 3269; x_wconf 84' lang='lat' dir='ltr'>interpellanti</span> <span class='ocrx_word' id='word_1_191' title='bbox 698 3188 872 3270; x_wconf 84' lang='lat' dir='ltr'>sapienter</span> <span class='ocrx_word' id='word_1_192' title='bbox 890 3193 927 3250; x_wconf 90' lang='lat' dir='ltr'>et</span> <span class='ocrx_word' id='word_1_193' title='bbox 941 3187 1086 3250; x_wconf 87' lang='lat' dir='ltr'>discrete</span> <span class='ocrx_word' id='word_1_194' title='bbox 1103 3206 1156 3250; x_wconf 90' lang='lat' dir='ltr'>re-</span> 
     </span>
     <span class='ocr_line' id='line_1_29' title="bbox 208 3283 1157 3371; baseline 0.001 -23"><span class='ocrx_word' id='word_1_195' title='bbox 208 3285 349 3367; x_wconf 89' lang='lat' dir='ltr'>spondit</span> <span class='ocrx_word' id='word_1_196' title='bbox 379 3287 616 3371; x_wconf 77' lang='lat' dir='ltr'>improperans</span> <span class='ocrx_word' id='word_1_197' title='bbox 648 3287 742 3369; x_wconf 89' lang='lat' dir='ltr'>quod</span> <span class='ocrx_word' id='word_1_198' title='bbox 773 3285 963 3350; x_wconf 87' lang='lat' dir='ltr'>secularem</span> <span class='ocrx_word' id='word_1_199' title='bbox 999 3283 1157 3349; x_wconf 91' lang='lat' dir='ltr'>militiam</span> 
     </span>
     <span class='ocr_line' id='line_1_30' title="bbox 207 3382 1158 3476; baseline 0.001 -29"><span class='ocrx_word' id='word_1_200' title='bbox 207 3384 449 3450; x_wconf 85' lang='lat' dir='ltr'>ecclesiasticae</span> <span class='ocrx_word' id='word_1_201' title='bbox 465 3385 687 3467; x_wconf 83' lang='lat' dir='ltr'>praetulisset,</span> <span class='ocrx_word' id='word_1_202' title='bbox 702 3390 738 3448; x_wconf 90' lang='lat' dir='ltr'>et</span> <span class='ocrx_word' id='word_1_203' title='bbox 762 3403 825 3466; x_wconf 87' lang='lat' dir='ltr'>pro</span> <span class='ocrx_word' id='word_1_204' title='bbox 844 3382 968 3476; x_wconf 82' lang='lat' dir='ltr'>baculo</span> <span class='ocrx_word' id='word_1_205' title='bbox 991 3383 1158 3464; x_wconf 87' lang='lat' dir='ltr'>pastorali</span> 
     </span>
     <span class='ocr_line' id='line_1_31' title="bbox 208 3480 1158 3566; baseline 0 -20"><span class='ocrx_word' id='word_1_206' title='bbox 208 3483 376 3561; x_wconf 87' lang='lat' dir='ltr'>lanceam,</span> <span class='ocrx_word' id='word_1_207' title='bbox 392 3503 456 3566; x_wconf 81' lang='lat' dir='ltr'>pro</span> <span class='ocrx_word' id='word_1_208' title='bbox 476 3485 581 3548; x_wconf 86' lang='lat' dir='ltr'>mitra</span> <span class='ocrx_word' id='word_1_209' title='bbox 606 3483 753 3566; x_wconf 77' lang='lat' dir='ltr'>galeam,</span> <span class='ocrx_word' id='word_1_210' title='bbox 769 3501 832 3565; x_wconf 88' lang='lat' dir='ltr'>pro</span> <span class='ocrx_word' id='word_1_211' title='bbox 850 3481 930 3546; x_wconf 88' lang='lat' dir='ltr'>alba</span> <span class='ocrx_word' id='word_1_212' title='bbox 946 3480 1099 3558; x_wconf 84' lang='lat' dir='ltr'>loricam,</span> <span class='ocrx_word' id='word_1_213' title='bbox 1122 3489 1158 3546; x_wconf 90' lang='lat' dir='ltr'>et</span> 
     </span>
     <span class='ocr_line' id='line_1_32' title="bbox 209 3579 1157 3666; baseline -0.002 -21"><span class='ocrx_word' id='word_1_214' title='bbox 209 3581 368 3665; x_wconf 88' lang='lat' dir='ltr'>clypeum</span> <span class='ocrx_word' id='word_1_215' title='bbox 396 3601 460 3666; x_wconf 88' lang='lat' dir='ltr'>pru</span> <span class='ocrx_word' id='word_1_216' title='bbox 488 3583 590 3659; x_wconf 87' lang='lat' dir='ltr'>stola,</span> <span class='ocrx_word' id='word_1_217' title='bbox 616 3581 830 3665; x_wconf 88' lang='lat' dir='ltr'>sumpsisset,</span> <span class='ocrx_word' id='word_1_218' title='bbox 854 3588 890 3645; x_wconf 89' lang='lat' dir='ltr'>et</span> <span class='ocrx_word' id='word_1_219' title='bbox 910 3579 1064 3663; x_wconf 84' lang='lat' dir='ltr'>gladium</span> <span class='ocrx_word' id='word_1_220' title='bbox 1089 3579 1157 3644; x_wconf 81' lang='lat' dir='ltr'>ier·</span> 
     </span>
     <span class='ocr_line' id='line_1_33' title="bbox 208 3679 1158 3765; baseline 0.001 -22"><span class='ocrx_word' id='word_1_221' title='bbox 208 3701 305 3746; x_wconf 90' lang='lat' dir='ltr'>reum</span> <span class='ocrx_word' id='word_1_222' title='bbox 332 3702 396 3764; x_wconf 88' lang='lat' dir='ltr'>pro</span> <span class='ocrx_word' id='word_1_223' title='bbox 418 3681 536 3764; x_wconf 84' lang='lat' dir='ltr'>gladio</span> <span class='ocrx_word' id='word_1_224' title='bbox 561 3683 714 3765; x_wconf 89' lang='lat' dir='ltr'>spiritns,</span> <span class='ocrx_word' id='word_1_225' title='bbox 729 3679 821 3764; x_wconf 87' lang='lat' dir='ltr'>qnod</span> <span class='ocrx_word' id='word_1_226' title='bbox 843 3689 898 3746; x_wconf 85' lang='lat' dir='ltr'>est</span> <span class='ocrx_word' id='word_1_227' title='bbox 914 3683 1057 3746; x_wconf 84' lang='lat' dir='ltr'>verbum</span> <span class='ocrx_word' id='word_1_228' title='bbox 1079 3680 1158 3745; x_wconf 89' lang='lat' dir='ltr'>Dei.</span> 
     </span>
     <span class='ocr_line' id='line_1_34' title="bbox 210 3780 1158 3864; baseline -0.001 -21"><span class='ocrx_word' id='word_1_229' title='bbox 210 3780 425 3864; x_wconf 82' lang='lat' dir='ltr'>Negansqne</span> <span class='ocrx_word' id='word_1_230' title='bbox 456 3801 494 3846; x_wconf 90' lang='lat' dir='ltr'>se</span> <span class='ocrx_word' id='word_1_231' title='bbox 515 3799 578 3864; x_wconf 89' lang='lat' dir='ltr'>pro</span> <span class='ocrx_word' id='word_1_232' title='bbox 606 3801 648 3844; x_wconf 90' lang='lat' dir='ltr'>eo</span> <span class='ocrx_word' id='word_1_233' title='bbox 670 3781 786 3845; x_wconf 83' lang='lat' dir='ltr'>vincto</span> <span class='ocrx_word' id='word_1_234' title='bbox 813 3781 1060 3863; x_wconf 86' lang='lat' dir='ltr'>imperaturum</span> <span class='ocrx_word' id='word_1_235' title='bbox 1084 3781 1158 3860; x_wconf 83' lang='lat' dir='ltr'>regi</span> 
     </span>
     <span class='ocr_line' id='line_1_35' title="bbox 209 3878 1158 3964; baseline -0.002 -21"><span class='ocrx_word' id='word_1_236' title='bbox 209 3878 416 3960; x_wconf 82' lang='lat' dir='ltr'>Anglorum‚</span> <span class='ocrx_word' id='word_1_237' title='bbox 445 3880 505 3944; x_wconf 86' lang='lat' dir='ltr'>sed</span> <span class='ocrx_word' id='word_1_238' title='bbox 536 3887 727 3964; x_wconf 90' lang='lat' dir='ltr'>opportune</span> <span class='ocrx_word' id='word_1_239' title='bbox 751 3880 1029 3962; x_wconf 88' lang='lat' dir='ltr'>supplicaturum</span> <span class='ocrx_word' id='word_1_240' title='bbox 1056 3879 1158 3960; x_wconf 87' lang='lat' dir='ltr'>polli-</span> 
     </span>
    </p>
   </div>
   <div class='ocr_carea' id='block_1_3' title="bbox 171 4179 1131 4252">
    <p class='ocr_par' dir='ltr' id='par_1_3' title="bbox 171 4179 1131 4252">
     <span class='ocr_line' id='line_1_36' title="bbox 171 4179 1131 4252; baseline 0.016 -34"><span class='ocrx_word' id='word_1_241' title='bbox 171 4212 179 4218; x_wconf 89' lang='lat'>.</span> <span class='ocrx_word' id='word_1_242' title='bbox 245 4181 418 4248; x_wconf 60' lang='lat' dir='ltr'>tcssomm:</span> <span class='ocrx_word' id='word_1_243' title='bbox 431 4186 597 4237; x_wconf 54' lang='lat' dir='ltr'>malms.</span> <span class='ocrx_word' id='word_1_244' title='bbox 678 4180 684 4252; x_wconf 83' lang='grc' dir='ltr'>Ι</span> <span class='ocrx_word' id='word_1_245' title='bbox 734 4179 1131 4234; x_wconf 73' lang='lat' dir='ltr'>*omrtednntscettuin</span> 
     </span>
    </p>
   </div>
   <div class='ocr_carea' id='block_1_4' title="bbox 0 0 1568 4982">
    <p class='ocr_par' dir='ltr' id='par_1_4' title="bbox 0 0 1568 4982">
     <span class='ocr_line' id='line_1_37' title="bbox 0 0 1568 4982; baseline 0 0"><span class='ocrx_word' id='word_1_246' title='bbox 0 0 1568 4982; x_wconf 95' lang='lat' dir='ltr'> </span> 
     </span>
    </p>
   </div>
  </div>
 </body>
</html>
