3116 4990
394 490 569 540 wanrnnr.
589 491 636 538 nn
660 489 941 538 nnurncnuncn.
1071 471 1135 536 111

452 737 502 802 De
519 733 681 808 Obsidione
693 735 894 822 Rothomoyi..

238 901 379 965 Interea
404 921 468 965 rex
492 902 705 965 Francorum
729 921 808 965 cum
836 899 1011 967 tremendo
1037 921 1135 966 exer·

186 1001 259 1066 citu
284 1001 535 1066 Normanniam
558 1003 602 1065 ab
628 1000 778 1066 oriente¹
801 1000 977 1084 ingressus
1001 1001 1137 1066 Rotho·

187 1121 340 1184 magum,
357 1101 513 1185 ejusdem
535 1101 721 1182 provinciae
743 1101 973 1184 metropolim,
996 1102 1082 1166 adiit
1103 1108 1139 1166 et

188 1201 339 1280 obsedit;
365 1221 468 1283 porro
494 1219 557 1264 rex
578 1199 697 1284 junior
717 1207 753 1264 et
776 1219 890 1265 comes
915 1199 1139 1265 Flandrensis

189 1320 268 1364 eum
293 1301 337 1363 in
368 1298 544 1382 Angliam,
581 1299 692 1363 classe
723 1307 858 1381 parata,
892 1298 1140 1364 transfretandi

189 1401 481 1482 opportunitatem
504 1403 697 1482 captarent,
715 1399 856 1479 cognito
882 1398 976 1481 quod
995 1419 1059 1464 rex
1085 1419 1140 1462 se·

189 1501 265 1562 nior
281 1498 355 1582 jam
378 1499 415 1562 in
437 1497 568 1580 Anglia
593 1499 797 1562 consisteret
827 1517 943 1561 eorum
973 1499 1139 1581 impetum

189 1606 410 1681 excepturus,
433 1604 568 1662 mutato
598 1597 752 1675 consilio,
779 1597 858 1661 illas
884 1598 1054 1662 terribiles
1079 1618 1139 1663 co·

190 1699 266 1781 pias
295 1697 553 1779 Rothomagum
582 1697 847 1762 transtulerunt.
898 1697 1031 1762 Verum
1061 1717 1140 1762 cum

191 1804 308 1861 tantus
341 1805 432 1862 esset
465 1796 638 1860 exercitus
674 1804 825 1878 quantus
856 1796 891 1860 in
922 1797 1065 1879 Europa
1096 1799 1140 1863 ab

190 1897 291 1960 annis
329 1900 423 1961 retro
459 1896 616 1978 plurimis
645 1897 740 1960 visus
779 1915 848 1960 non
887 1903 951 1975 est,
987 1897 1141 1980 ejusdem

191 2003 308 2060 tamen
336 1996 444 2073 urbis,
472 2001 614 2077 propter
639 2014 799 2059 accessus
824 1993 979 2059 difficiles
1007 2003 1141 2079 partem

190 2097 253 2159 vix
269 2095 408 2159 tertiam
425 2095 540 2177 potuit
562 2095 728 2172 obsidere,
748 2102 891 2176 eratque
908 2115 969 2178 per
983 2093 1142 2179 pontem²

191 2216 211 2259 e
226 2195 367 2277 regione
381 2192 502 2258 ‘liber'
513 2191 526 2228 ⁸
539 2191 716 2275 ingressus
732 2195 768 2256 in
785 2196 904 2258 urbem
919 2204 954 2259 et
971 2213 1141 2276 egressus,

192 2293 389 2360 videntibus
407 2293 553 2357 inimicis
572 2300 608 2357 et
623 2293 866 2359 invidentibus.
919 2293 1058 2360 Paratis
1074 2295 1141 2359 ita·

193 2413 260 2477 que
279 2393 324 2456 ad
350 2393 618 2478 oppugnandam
645 2392 821 2457 civitatem
848 2392 1029 2471 machinis,
1056 2395 1140 2459 totis

194 2495 323 2558 viribus
350 2491 601 2575 oppugnationi
624 2491 816 2572 insistitur3
849 2492 885 2556 in
908 2493 964 2559 die
989 2494 1141 2558 naturali

193 2613 256 2676 per
289 2600 431 2657 octavas
461 2591 565 2655 horas
599 2591 727 2674 partite
755 2592 921 2675 tripharie
950 2594 1141 2659 exercitum

194 2693 396 2769 diviserunt,
417 2698 456 2755 ut
479 2691 538 2755 alii
561 2690 650 2767 aliia,
673 2693 818 2755 recreati
839 2692 971 2756 scilicet
991 2693 1143 2769 lassatis

193 2812 255 2874 per
284 2791 376 2856 vices
406 2790 639 2869 succederent,
672 2797 707 2854 et
738 2790 935 2856 defensores
966 2811 1142 2856 murorum

1166 664 1241 714 nem
1250 663 1279 705 11.

1160 715 1286 757 1111174.

1146 767 1296 782 μ’·

1148 919 1209 966 stege
1218 917 1242 957 of

1149 970 1234 1010 honen.

185 2912 258 2956 -nec
283 2892 320 2954 in
342 2890 478 2954 modico
499 2891 670 2972 respirare
692 2892 942 2973 permitterent.
988 2891 1057 2956 Sed
1080 2891 1144 2956 hoc
1228 2893 1233 2902 '

195 2991 343 3066 frustra3
361 2991 454 3055 cives
469 2990 559 3054 enim
575 2989 712 3054 cautela
727 2990 896 3054 consimili
913 2998 1144 3067 occurrentes,

194 3109 295 3155 suum
318 3089 484 3173 tripharie
508 3108 688 3154 numerum
707 3081 911 3167 diviserunt,
933 3098 968 3155 et
995 3089 1143 3155 hostium
1174 3131 1177 3138 ι

194 3191 344 3272 impetus
367 3189 595 3271 suscipientes
615 3190 807 3272 peroptime
825 3199 859 3253 et
883 3190 1053 3271 pervices
1070 3208 1145 3253 eas·

195 3289 272 3353 dem
296 3289 619 3372 corresponderunt.
672 3287 830 3370 Cumque
851 3308 913 3370 per
928 3287 1002 3352 dies
1019 3287 1146 3370 ‘pluri-

194 3380 306 3453 mos'⁴
321 3387 372 3452 sic
400 3395 603 3465 certaretur,
630 3393 666 3451 et
692 3406 805 3468 neque
828 3387 863 3450 hi
891 3407 1003 3470 neque
1029 3386 1088 3450 alii
1112 3385 1147 3450 in

196 3489 314 3571 aliquo
346 3488 523 3552 remissius
557 3493 711 3569 agerent,
741 3485 835 3550 beati
868 3485 1046 3550 Laurentii
1076 3486 1148 3550 dies

228 3695 235 3725 ¹
254 3696 341 3758 Philip
353 3695 455 3745 entered
467 3695 615 3757 Normendy
623 3696 658 3756 hy
684 3693 713 3743 of
720 3694 763 3743 the
776 3699 882 3756 country
893 3699 919 3743 to
931 3694 973 3744 the
982 3695 1057 3745 south
1069 3696 1098 3745 os
1105 3696 1148 3748 the

192 3767 234 3815 the
264 3781 334 3816 mine
367 3765 550 3815 north-eastern
585 3770 657 3815 route
683 3764 767 3826 Seine,
784 3764 835 3812 and
852 3779 928 3826 every
944 3764 1016 3814 other
1030 3769 1148 3815 entrance

192 3836 276 3886 which
292 3835 333 3884 the
349 3835 477 3898 Flemings
492 3835 541 3884 had
559 3835 658 3895 opened
682 3839 708 3882 to
719 3834 761 3884 the
773 3835 825 3896 city
836 3835 865 3884 ol
879 3831 980 3894 Rauen,
990 3847 1045 3884 was
1064 3836 1090 3884 ln
1105 3836 1148 3884 the

192 3906 234 3955 the
242 3907 360 3967 previous
368 3919 439 3968 year,
445 3905 520 3954 when
526 3903 657 3954 Neuscha-
683 3905 828 3966 possession
838 3904 868 3952 of
876 3904 946 3966 King
958 3904 1056 3965 Henry.

191 3977 236 4038 tel,
252 3975 370 4036 hamale,
386 3975 437 4023 und
457 3975 529 4024 other
545 3975 656 4023 Norman
718 3969 729 4002 ¹
744 3973 807 4021 This
829 3973 917 4034 bridge
935 3988 995 4022 over
1013 3972 1055 4020 the
1073 3972 1148 4020 Seine

192 4045 323 4095 sortresses
344 4044 389 4093 tell
407 4045 460 4094 into
481 4044 547 4094 their
568 4044 658 4094 hands.
684 4057 738 4091 was
758 4042 824 4090 built
840 4043 874 4106 by
890 4041 932 4091 the
952 4043 1072 4103 Empress
1091 4041 1148 4088 Ma-

191 4115 253 4164 This
264 4114 334 4176 rond,
347 4113 444 4176 though
460 4113 597 4174 extremely
608 4112 658 4161 dit·
684 4111 757 4159 tilda.

191 4184 270 4247 ficult,
289 4198 343 4233 was
360 4183 402 4232 the
420 4185 479 4246 only
500 4197 609 4245 passage
626 4197 658 4229 an
720 4177 1085 4240 ³‘1iberi,’MS.0011.Ar-m.

191 4269 281 4315 enemy
297 4253 373 4302 could
389 4253 459 4315 take,
476 4267 506 4302 as
522 4253 564 4302 the
575 4252 658 4301 whole
721 4247 731 4280 ⁴
748 4249 880 4311 ‘aliquot'
891 4249 949 4298 MS.
962 4249 1056 4299 lausd.
