3122 4982
410 466 477 532 242
778 465 990 526 ouuourcou

295 655 360 700 noun.
413 638 558 708 Arthuri
585 634 717 720 nepotis
748 634 815 709 sui,
847 630 910 696 filii
941 627 1076 694 comitis
1107 621 1299 690 Britanniae
1331 625 1368 682 et

251 704 316 794 iio}
327 701 401 746 ¹²⁰²*
412 737 530 801 fratris
555 737 620 814 sui,
640 755 702 817 per
727 730 901 814 quendam
924 729 1067 794 militem
1090 721 1367 794 strenuissimum

251 855 389 942 {emigrent
415 844 593 920 parentem
617 833 814 916 proximum
839 829 993 913 ejusdem
1020 824 1186 901 Arthuri3
1222 829 1258 884 et
1283 817 1368 901 quia

252 904 560 1000 ditttt¹1¹¹¹⁸vocatus
586 953 656 997 non
685 929 878 1014 comparuit
903 926 1035 1008 saysita
1066 924 1132 988 fuit
1157 922 1193 985 in
1224 935 1367 983 manum

253 1003 380 1112 ἶῧῗῗὲῗιω
416 1035 509 1116 regis
537 1031 693 1096 Franciae
720 1027 936 1093 Normanuia
960 1023 1145 1087 baereditas
1167 1039 1241 1084 sua.
1296 1015 1368 1078 Ite·

253 1102 395 1192 idid?
416 1151 562 1214 rumque
577 1132 704 1195 citatus
730 1147 808 1192 oum
828 1145 896 1192 non
920 1118 1196 1205 ‘compareret‚’¹
1217 1114 1369 1197 eoquod

255 1201 330 1240 Prince

253 1246 343 1291 Arthu'r·
416 1232 549 1298 sciebat
567 1229 737 1314 judicium
761 1226 826 1292 sibi
852 1223 926 1287 fieri
950 1223 987 1288 in
1007 1228 1153 1288 mortem
1177 1217 1233 1281 vel
1249 1213 1371 1279 confu-

254 1317 391 1412 {ssiifflif’t'
416 1332 559 1406 sionem,
588 1328 721 1413 judicio
754 1325 858 1390 curiae
889 1321 982 1386 illiue
1014 1318 1164 1402 perdidit
1195 1308 1371 1379 ‘totamm

254 1415 383 1504 miii?-
417 1427 640 1494 Vasconiam.
708 1421 816 1488 ‘Et’³
847 1441 925 1486 oum
956 1439 1019 1484 rex
1058 1418 1270 1482 Francorum
1306 1430 1371 1494 per

254 1515 341 1564 Μ’·
417 1546 499 1590 suos
514 1546 588 1590 eam
606 1541 776 1606 occupare
791 1521 908 1597 vellet,
923 1517 1091 1601 praevenit
1105 1517 1164 1580 ille
1177 1514 1199 1577 J
1202 1513 1370 1584 ohannes,

417 1633 453 1694 et
476 1624 595 1708 ejectis
624 1622 768 1688 Francis
791 1616 884 1685 ‘in'⁴
907 1623 1075 1699 quantum
1098 1611 1246 1698 perdidit
1270 1628 1369 1674 recu·

417 1723 564 1806 pererit,
587 1741 656 1790 non
685 1728 801 1788 tamen
832 1717 1002 1802 processit
1030 1715 1175 1780 ulterius
1203 1717 1242 1775 ut
1273 1707 1369 1776 Nor-

418 1822 593 1890 manuiam
611 1825 841 1903 recuperaret.

514 2039 667 2120 Quomodo
675 2039 825 2124 processit
838 2038 874 2100 io
890 2035 1027 2100 Suetium
1042 2041 1071 2098 ot
1086 2029 1284 2096 Hibernium.

268 2246 294 2284 Α,
302 2245 328 2284 o.
337 2246 391 2288 120⁹.
471 2209 574 2282 Anno
589 2209 687 2289 regni
701 2208 756 2271 sui
771 2206 871 2289 quasi
888 2223 942 2274 xr.
958 2204 1156 2270 Willelmus
1171 2221 1234 2268 rex
1244 2201 1374 2266 Scotise

259 2310 383 2350 ΜΝ*
421 2309 528 2380 filiam
548 2327 649 2386 suam
671 2307 788 2373 comiti
817 2305 1020 2370 Flendrensi
1044 2304 1139 2368 dedit
1163 2303 1199 2366 in
1215 2317 1374 2367 uxorem.

258 2360 282 2397 of
289 2361 389 2400 Plaudere

258 2411 347 2449 mane.
355 2412 393 2449 2¹1⁸
423 2406 608 2487 Iratusque
639 2404 663 2470 J
666 2405 819 2472 ohannes
849 2406 894 2478 ob
924 2404 1002 2479 boc,
1034 2397 1134 2468 ‘eo'⁵
1163 2399 1255 2483 quod
1293 2419 1373 2467 cum

259 2459 364 2508 daughter
372 2460 396 2499 of

259 2507 353 2606 ffliffp
421 2505 578 2569 hostibus
595 2503 667 2568 suis
691 2503 804 2567 foedus
829 2502 960 2578 inisset,
987 2501 1128 2566 divertit
1144 2499 1271 2564 ibidem
1294 2519 1374 2571 cum

259 2607 383 2705 {gsspgfin
422 2605 578 2668 exercitu
593 2603 733 2685 copioso
748 2609 784 2667 et
801 2601 893 2682 cepit
919 2601 1132 2666 Berewioum
1149 2617 1254 2681 super
1270 2598 1374 2664 Twe-

260 2706 393 2802 ξξίξξξξρξς,
423 2702 515 2779 dam,
531 2709 752 2782 castrumque
767 2701 893 2767 ibidem
915 2700 1122 2765 construxit.
1173 2696 1376 2778 Vidensque

261 2804 349 2850 Turdo
423 2821 488 2864 rex
514 2799 641 2866 Scotiee
655 2800 698 2862 ad
725 2798 953 2864 resistendum
978 2817 1015 2862 se
1039 2797 1170 2862 viribus
1183 2799 1376 2878 imparem,

425 2898 538 2962 missis
568 2896 612 2960 ad
646 2897 669 2960 J
672 2896 842 2962 ohannem
882 2897 1021 2974 nuntiis,
1053 2895 1192 2977 rogavit
1225 2915 1266 2959 ea
1296 2914 1378 2976 quoe

426 2997 522 3077 pacis
539 3002 632 3072 sunt,
649 3003 684 3060 et
699 2995 886 3078 adimpleta
903 2996 1102 3078 pecuniaria
1118 2995 1283 3077 petitione
1299 3013 1377 3070 sua,

262 3125 357 3165 eene
426 3095 586 3180 datisque
609 3095 797 3172 obsidibus
821 3096 956 3158 duabus
981 3095 1113 3161 scilicet
1139 3094 1378 3170 filiabusnon

262 3175 541 3264 ididtffldtamen
575 3194 778 3258 Alexandro
806 3194 878 3257 filio
907 3213 970 3257 suo
996 3213 1099 3275 quem
1131 3193 1290 3275 petierat,
1322 3211 1378 3256 re-

263 3275 412 3365 ffifflapfl.
425 3312 546 3358 versus
564 3301 617 3357 est
633 3292 656 3356 J
660 3293 812 3357 ohannes
827 3292 1038 3368 Londonias,
1053 3293 1234 3372 tenuitque
1248 3290 1377 3354 ibidem

262 3373 358 3420 imment,

261 3433 370 3471 oppium
377 3425 413 3464 ne
424 3392 691 3474 parliamentum
717 3411 841 3468 suum;
867 3399 903 3457 et
927 3391 1038 3458 multa
1058 3390 1163 3467 mala,
1181 3407 1376 3471 gravesque

262 3471 351 3514 ΒΜ·
425 3491 601 3555 molestias
622 3491 739 3555 intulit
762 3491 948 3554 baronibus
970 3490 1056 3565 suiS,
1072 3489 1131 3572 qui
1145 3488 1281 3573 injuriis
1303 3489 1377 3550 suis

269 3615 296 3654 r.
306 3615 333 3656 n.
344 3617 400 3660 1210.
425 3607 463 3652 se
489 3589 534 3651 ad
560 3589 788 3652 resistendum
816 3596 1108 3671 praeparaverant.
1161 3586 1266 3652 Anno
1284 3606 1380 3654 ¹vero

261 3681 380 3772 {2353ss
425 3687 583 3766 sequenti
607 3689 774 3769 processit
797 3706 860 3751 rex
883 3689 920 3752 in
944 3687 1154 3752 Hiberniam
1171 3705 1250 3750 cum
1276 3685 1381 3768 plebe

263 3781 354 3820 ¹¹⁹¹⁸¹²⁶·
425 3784 589 3860 maxima,
617 3785 809 3867 statuitque
832 3785 959 3850 ibidem
984 3785 1080 3868 leges
1106 3785 1321 3866 Anglicanas
1344 3793 1384 3850 et

459 4056 467 4086 ⁵
484 4059 679 4121 ‘comparebat’
687 4060 744 4111 MS.
755 4061 821 4112 Oott.
830 4062 887 4112 Tib.
947 4063 957 4093 ³
974 4061 1059 4124 ‘seu’
1071 4062 1128 4113 Mn.
1141 4061 1237 4112 Lansd.

457 4121 468 4150 ²
492 4128 573 4178 ‘eam
597 4129 694 4192 totam,'
713 4131 790 4184 MSS.
819 4130 886 4186 Coll.
947 4127 1088 4180 ⁴Omitted
1102 4132 1128 4178 in
1140 4131 1198 4180 MS.
1210 4131 1306 4180 Lansd.

423 4197 494 4246 Arm.
508 4199 558 4246 and
570 4198 637 4248 Oott.
649 4199 706 4248 Tib.
947 4196 957 4225 ⁶
974 4201 1087 4254 Omitted
1099 4201 1126 4250 in
1138 4199 1196 4250 MS.
1209 4199 1278 4252 cett.
1288 4200 1350 4251 'lib-
