3122 4982
226 664 353 760 ulfila.

211 763 359 775 ...ι-

215 803 306 851 Dispute

215 862 238 890 as
248 855 269 891 to
278 852 315 891 tlte

215 901 313 942 election-

378 477 446 542 236
748 491 969 540 onnonlcort·

378 655 551 735 petierunt
576 660 611 716 et
640 649 883 715 obtinuerunt.¹
936 649 1091 730 Rogavit
1121 657 1240 713 tamen
1269 670 1331 714 rex

378 772 441 834 pro
457 751 695 816 ‘Norwicensi
708 749 735 784 '²
750 751 923 833 episcopo,
946 756 985 812 ut
1005 750 1035 811 si
1055 749 1218 832 possibile
1242 758 1332 814 esset

378 850 502 916 saltem
522 851 594 914 suis
615 849 773 933 precibus
793 847 1026 931 postularetur
1049 848 1114 912 hac
1141 849 1235 920 vioe;
1270 850 1331 912 ad-

378 952 535 1014 veniente
562 957 678 1014 eutem
701 947 878 1012 electionis
900 947 955 1010 die
977 947 1117 1028 quidam
1142 967 1187 1010 ex
1212 967 1331 1012 mona·

378 1048 452 1112 chis
486 1068 606 1132 preces
638 1048 751 1129 regias
785 1047 1031 1129 amplectentes
1061 1046 1207 1110 eundem
1237 1046 1330 1110 Nor-

378 1149 559 1214 wicensem
577 1147 819 1230 postularunt:
844 1146 903 1210 alii
919 1164 1001 1210 vero
1015 1145 1203 1208 secundum
1215 1146 1331 1210 Deum

378 1247 602 1328 procedentes
630 1246 844 1328 subpriorem
876 1244 1031 1327 ejusdem
1062 1244 1183 1308 domus
1215 1245 1329 1325 elege-

377 1352 480 1425 runt3
503 1352 539 1410 et
560 1346 770 1410 dissentione
795 1343 891 1407 sacta
916 1343 1006 1407 inter
1031 1342 1155 1407 iratres
1181 1350 1330 1426 utraque

377 1463 459 1525 pars
488 1463 551 1526 pro
579 1463 643 1508 suo
670 1445 781 1508 electo
806 1442 850 1507 ad
876 1442 993 1506 sedem
1019 1441 1243 1524 apostolicam
1266 1462 1330 1525 ap·

317 1551 328 1567 ⁶
377 1544 570 1624 pellerent;
610 1543 702 1606 unde
736 1541 838 1606 electi
871 1549 953 1605 sunt
977 1541 1056 1604 hinc
1081 1548 1116 1605 et
1144 1541 1223 1604 inde
1252 1558 1329 1604 xm.

378 1642 535 1707 monachi
561 1643 621 1724 qui
648 1642 691 1705 ad
718 1641 834 1704 sedem
857 1641 1083 1723 apostolicam
1108 1641 1174 1703 iter
1199 1642 1329 1722 arripe-

378 1750 455 1806 rent
484 1741 550 1806 hoc
582 1741 759 1821 negotium
785 1739 1024 1822 prosecuturi:
1057 1741 1117 1821 qui
1144 1740 1187 1802 ad
1211 1759 1329 1821 regem

379 1841 555 1905 venientes
575 1847 614 1904 ut
636 1861 681 1904 ex
700 1840 880 1905 voluntate
893 1840 1002 1921 ipsius
1019 1839 1328 1921 proficiscerentur,

379 1940 609 2021 promiserunt
625 1941 657 2003 ei
670 1939 829 2022 jurantes
847 1939 938 2021 quod
954 1938 1064 2002 modis
1078 1938 1234 2002 omnibus
1251 1958 1328 2020 pro·

379 2046 539 2106 curarent
573 2039 839 2120 postulationem
870 2036 1104 2102 Norwicensis
1135 2041 1165 2100 a
1189 2038 1329 2101 domino

379 2157 471 2220 papa
492 2138 696 2213 confirmari,
714 2146 749 2201 et
771 2139 815 2201 ab
837 2137 913 2219 ipso
931 2156 1012 2217 rege
1038 2154 1165 2217 magna
1185 2144 1329 2218 accepta

378 2238 525 2317 pecunia
554 2237 698 2317 profecti
725 2243 826 2300 sunt:
865 2236 989 2318 quibus
1018 2236 1053 2298 iu
1081 2236 1177 2299 curia
1204 2237 1329 2301 consti-

379 2336 462 2398 tutis
479 2332 722 2416 ‘quassatur'³
744 2335 868 2398 electio
893 2335 1081 2416 subprioris
1112 2340 1147 2397 et
1178 2334 1262 2398 data
1289 2333 1328 2398 li-

379 2434 492 2497 centia
523 2433 591 2496 illis
621 2449 698 2497 xlv.
726 2434 851 2498 iterum
885 2433 1035 2520 eligendi
1064 2434 1100 2496 in
1134 2435 1241 2511 ouria,
1268 2436 1328 2516 qui

376 2533 535 2597 'sedentes
563 2534 688 2597 iterato
720 2534 942 2616 postularunt
969 2533 1004 2596 N
1006 2532 1227 2597 orwicensem
1254 2535 1327 2617 epi-

376 2651 540 2714 scopumt
573 2640 608 2696 et
633 2633 743 2696 iratus
772 2652 876 2715 papa,
906 2652 947 2697 eo
979 2633 1071 2714 quod
1102 2625 1327 2697 collusionem

377 2730 546 2806 audierat,
567 2733 835 2812 postulationem
857 2751 975 2796 eorum
1001 2740 1037 2795 et
1056 2740 1140 2796 vota
1167 2753 1237 2796 non
1264 2733 1325 2796 ad-

377 2830 482 2905 misit,
515 2828 610 2893 ‘et’⁴
640 2849 699 2894 eos
734 2831 912 2912 suspendit
941 2838 1108 2912 quantum
1138 2831 1183 2894 ad
1214 2831 1326 2896 vicem

376 2925 475 2994 hano.
528 2928 599 3006 Qui
613 2930 771 2993 videntes
786 2941 824 2994 se
841 2930 940 3012 quasi
957 2930 1198 3012 deprehensos,
1213 2933 1325 3014 poeni-

376 3027 486 3091 tentia
511 3028 616 3105 ducti,
650 3029 798 3092 confessi
827 3037 908 3092 sunt
941 3049 978 3092 se
1012 3031 1087 3112 regi
1113 3030 1253 3113 jurasse
1281 3031 1325 3094 de

377 3122 651 3191 ‘Norwicensi'⁵
672 3128 892 3211 postulando,
904 3135 939 3191 et
955 3129 1089 3191 veniam
1100 3129 1324 3209 deposcentes

377 3226 520 3291 arbitrio
541 3227 669 3291 domini
692 3247 793 3310 papae
813 3226 988 3290 humiliter
1014 3247 1051 3291 se
1078 3229 1324 3293 submiserunt.

376 3323 477 3406 Papa
493 3346 576 3390 vero
592 3346 660 3389 non
674 3325 861 3389 secundum
879 3327 1039 3390 meritum
1054 3328 1113 3391 sed
1135 3328 1326 3392 secundum

347 3483 350 3490 .
376 3424 593 3490 clementiam
609 3445 718 3507 agens
733 3445 792 3489 eos
806 3427 954 3507 benigne
970 3427 1131 3502 absolvit,
1149 3434 1183 3491 et
1199 3447 1325 3491 consu-

377 3521 441 3587 luit
456 3531 497 3586 ut
521 3526 727 3604 magistrum
752 3525 964 3606 Stephanum
987 3526 1031 3589 de
1054 3525 1237 3608 Langeton
1258 3527 1327 3589 sibi

375 3622 568 3703 inpetrem
598 3624 765 3704 eligerent
789 3632 824 3687 et
849 3631 1038 3706 pastorem,
1065 3626 1176 3687 virum
1203 3626 1325 3707 utique

411 3803 419 3832 ¹
438 3805 523 3868 Roger
532 3807 564 3854 de
572 3807 724 3870 wendover,
734 3806 771 3857 iii.
782 3811 839 3870 183,
897 3805 908 3836 ⁸
923 3811 1074 3875 ‘cassatum’
1085 3812 1161 3862 MSS.
1174 3813 1241 3862 Coll.
1252 3813 1327 3864 Arm.

374 3881 401 3926 et
412 3890 476 3938 seq,
484 3877 554 3939 gives
565 3891 650 3937 avery
658 3877 774 3926 different
780 3892 838 3925 nar-
862 3880 912 3928 and
924 3880 991 3930 Gott.
1003 3882 1061 3932 Tib.

374 3946 726 4081 ”olemunde
741 4016 836 4066 m.
1150 3985 1244 4034 esd-

373 4085 442 4134 John
462 4087 494 4135 de
515 4086 595 4148 Grey,
612 4086 775 4136 consecrated
793 4086 838 4134 Bi·
923 4087 930 4104 ⁹
961 4142 964 4146 ,
991 4091 998 4106 ·

374 4155 437 4215 shop
448 4155 477 4204 ol
490 4156 621 4220 Norwich,
639 4156 753 4220 Sunday,
769 4157 839 4216 Sept.
895 4151 906 4182 ⁸
923 4154 1101 4206 ‘Norwicensi
1115 4157 1254 4220 episcopo‚'
1270 4159 1330 4210 MS.

374 4228 500 4286 samoe.
862 4224 990 4276 cottum
