3132 4988
399 499 571 547 weuram
596 501 643 548 nu
666 501 949 550 uuurucnuaoa.
1081 495 1146 559 133

431 711 610 794 Imperator
621 707 751 791 sumpsit
768 708 901 771 Orrocom.
1170 687 1250 776 ii‘r'r'fyr
1256 687 1297 775 1¹55.

1157 791 1304 806 *ιι-.-

244 862 447 927 Fredericus
485 860 673 941 imperator
712 855 904 935 Romanus,
946 863 1143 925 convocatis
1156 893 1308 942 mmmm,

189 964 361 1028 nobilibus
396 961 450 1023 sui
487 957 632 1040 imperii,
661 956 810 1036 ingentis
848 959 952 1020 animi
987 943 1263 1042 proposi-fssfffi'rf,

189 1072 263 1128 tum
295 1060 496 1134 declaravit,
529 1054 784 1136 ‘sumptoque'¹
817 1055 1014 1122 solemniter
1043 1054 1220 1140 sign0⁰¹⁰⁸⁸·

191 1164 382 1227 Dominicae
414 1159 538 1232 crucis,
567 1153 754 1236 imperialis
783 1156 916 1236 apicem
948 1157 1142 1241 majestatis

188 1263 336 1327 subditis
362 1261 505 1324 ducibus
540 1263 575 1319 et
608 1254 767 1336 gentibus
795 1254 939 1318 sormam
979 1255 1142 1322 efficacis-

186 1366 309 1426 simam
324 1360 491 1443 praebuit:
514 1358 633 1437 itaque
648 1360 781 1416 cunctae
794 1356 980 1435 provinciae
995 1359 1140 1422 nominis

188 1461 377 1527 Christiani
405 1459 449 1523 ad
477 1453 718 1519 maturandum
742 1453 807 1516 iter
834 1456 1047 1536 propositum
1077 1459 1139 1520 im-

188 1564 314 1626 mensis
330 1558 553 1643 apparatibus
567 1553 760 1634 studiisque
774 1551 952 1619 fervebant
967 1557 1122 1621 animosi.

186 1806 235 1868 De
250 1813 341 1889 rupto
354 1805 474 1888 soedoro
488 1805 804 1990 Roplopoyffrqpoorum
820 1819 848 1873 ot
864 1819 1020 1874 conuocato
1036 1811 1139 1874 Morte

609 1905 638 1968 o'o
683 1907 785 1992 oyliae.

237 2052 369 2117 Verum
397 2054 448 2116 ita
476 2054 629 2118 fervente
658 2054 810 2119 fidelium
840 2055 1022 2119 devotione
1049 2057 1138 2136 prin-

181 2154 300 2235 cipum
329 2161 366 2217 et
394 2153 611 2235 populorum,
641 2155 774 2238 antiqui
807 2155 917 2220 hostis
946 2163 1017 2218 tam
1049 2156 1139 2219 bona

183 2254 283 2316 initia
303 2272 521 2334 corrumpere
543 2254 723 2334 gestientis
740 2253 873 2318 malitia
894 2273 961 2317 non
984 2255 1135 2336 quievit:

183 2371 263 2416 cum
277 2353 369 2415 enim
384 2351 529 2415 illustris
544 2373 607 2416 rex
622 2352 816 2434 Anglorum
825 2355 860 2417 in
876 2374 983 2435 regno
997 2355 1136 2437 proprio

183 2453 323 2534 quietus
357 2453 569 2528 consisteret,
604 2460 651 2530 et,
680 2463 783 2535 prout
817 2453 960 2518 decebat
1000 2462 1134 2518 tantum

182 2553 384 2634 principem,
412 2551 456 2616 ad
488 2551 640 2615 suturam
672 2571 709 2616 se
739 2553 992 2635 expeditionem
1024 2553 1133 2616 modis

181 2652 340 2714 omnibus
374 2658 598 2734 praepararet,
631 2671 692 2714 rex
736 2652 959 2729 Francorum,
996 2651 1134 2715 nesci0²
1147 2671 1258 2711 waroni

182 2750 272 2814 unde
287 2751 498 2826 stimulatus,
515 2758 618 2833 rupta
633 2751 700 2814 fide
716 2751 866 2828 loederis,
888 2752 1003 2815 subito
1018 2752 1133 2815 furore
1146 2721 1232 2762 Μ

180 2850 380 2926 excanduit,
416 2858 452 2914 et
488 2857 640 2914 castrum
675 2851 789 2914 nobile
826 2851 919 2932 quod
955 2851 1134 2933 Radulphi

181 2949 320 3026 dicitur,
350 2950 576 3032 quorundam,
606 2958 646 3014 ut
681 2951 817 3027 dicitur,
847 2953 1132 3032 nequissimorum

180 3051 375 3132 proditione
401 3050 608 3132 improvisus
634 3067 820 3133 usurpator
844 3051 998 3115 intravit.
1052 3049 1132 3129 Quo

149 3184 152 3190 ·
180 3170 343 3214 successu
382 3149 505 3224 elatus,
538 3157 673 3213 mutato
708 3150 763 3213 vel
799 3152 915 3232 potius
949 3149 1132 3213 exsufflato

178 3250 409 3332 expeditionis
421 3249 444 3312 J
447 3249 722 3332 erosolymitanae
742 3250 928 3332 proposit0,
948 3247 1132 3328 grandiora

179 3351 404 3413 moliebatur:
428 3350 553 3429 quibus
568 3349 725 3413 celeriter
741 3349 882 3430 agnitio,
902 3367 965 3410 rex
981 3344 1134 3426 Angliee,

180 3460 315 3513 mature
356 3448 651 3525 transfretaturus,
695 3450 789 3512 viros
808 3491 811 3498 -
829 3447 1016 3510 honoratos
1053 3465 1131 3507 curn

178 3549 295 3612 verbis
335 3547 487 3628 pacificis
527 3548 571 3611 ad
611 3549 910 3629 praevaricatorem
950 3544 1128 3627 praemisit.

179 3648 312 3712 Verum
336 3648 405 3724 ille,
430 3647 474 3710 ad
498 3667 597 3736 omne
623 3647 894 3711 blandimentum
919 3645 1071 3708 inflexus
1095 3656 1129 3709 et

176 3748 321 3828 rigidus
342 3747 533 3828 pestilentis
551 3748 712 3830 incoeptis
732 3745 942 3830 ‘superbe’t
962 3747 1129 3810 incubuit.

178 3847 336 3929 Cumque
362 3866 425 3910 rex
451 3844 644 3927 Anglorum
670 3847 937 3923 transfretasset,
963 3848 1129 3910 bonorum

144 4004 147 4009 .
177 3948 294 4010 studio
319 3945 468 4010 virorum
492 3945 536 4013 ad
556 3946 764 4027 colloquium
788 3947 984 4012 solemniter
1006 3964 1129 4037 conve·

211 4135 217 4164 Ι
238 4127 416 4194 ‘ornansque,'
432 4131 490 4179 MS.
503 4121 597 4180 Lausd.
662 4130 691 4178 oi
704 4131 814 4178 Poitiers
830 4128 880 4175 and
896 4127 1030 4186 Raymond
1045 4126 1078 4175 de
1093 4127 1122 4177 St

208 4207 218 4236 ²
234 4203 289 4251 'l’he
301 4203 418 4251 occasion
429 4202 457 4250 ol
469 4201 519 4250 this
533 4206 637 4262 rupture
664 4199 746 4250 Gilles
758 4198 842 4248 Oount
853 4197 881 4246 oi
889 4196 1024 4245 Toulouse.

172 4288 228 4322 was
243 4289 261 4322 a
277 4273 378 4334 quarrel
393 4273 508 4322 between
527 4270 639 4320 Richard
702 4266 712 4296 ³
729 4268 844 4318 Omitted
856 4269 883 4316 in
894 4267 950 4316 MS.
963 4267 1058 4318 Lansd.
1092 4287 1094 4291 ’
1115 4303 1117 4312 .
