3122 4982
337 466 340 470 ¹
405 483 471 549 198
772 497 982 546 oeuourcou

260 673 353 714 sienni
362 674 381 714 1.

256 726 283 764 Δ.
292 725 319 764 D.
331 726 387 764 119³.

625 772 863 838 ‘barbarione
881 769 1138 836 cantualem*

246 964 357 1064 'dimit
461 945 592 1010 Eodem
606 953 759 1028 tempore
773 946 920 1008 vacabat
930 941 1185 1009 Oantuariensis
1199 943 1359 1020 ecclesia,

246 1065 360 1113 saltuum
411 1045 618 1129 scripsitque
639 1065 701 1108 rex
722 1045 766 1109 de
790 1042 997 1108 Alemannia
1019 1043 1238 1125 eligentibus),
1263 1062 1358 1107 com-

245 1114 399 1205 ffii‘iiiffh'
412 1146 605 1210 mendando
627 1164 809 1228 personam
833 1144 984 1208 Huberti
1007 1143 1264 1207 Salesbiriensis
1285 1143 1358 1225 epi·

247 1217 340 1266 “¹⁵⁰⁸''
411 1246 507 1327 scopi
532 1244 567 1309 in
594 1264 663 1327 quo
688 1245 754 1308 sibi
779 1245 1017 1326 complacebat
1037 1249 1158 1325 utpote
1181 1243 1217 1307 in
1240 1242 1359 1306 multis

411 1346 594 1428 probatum
620 1351 654 1408 et
676 1345 841 1426 praeclare
867 1344 1036 1425 agnitum.
1088 1342 1358 1407 Cantuarienses

410 1461 492 1508 vero
517 1463 595 1508 cum
621 1444 792 1526 episcopis
817 1443 1059 1509 convenientes
1081 1444 1274 1525 approbata
1296 1459 1359 1506 vo·

411 1543 544 1607 luntate
561 1545 670 1625 regie,
686 1543 829 1608 eundem
852 1544 1050 1608 Hubertum
1069 1543 1113 1605 ad
1130 1543 1251 1625 primae
1266 1542 1359 1606 sedis

410 1643 564 1724 regimen
597 1642 812 1707 concorditer
842 1653 878 1708 et
910 1643 1110 1708 solemniter
1140 1639 1360 1724 elegerunt3⁵z

410 1743 471 1825 qui
495 1743 671 1825 postulato
699 1750 734 1807 et
763 1750 905 1825 accepto
925 1743 1045 1825 pallio,
1071 1763 1155 1806 mox
1183 1741 1359 1806 canonicae

410 1842 632 1927 professionis
642 1843 795 1908 habiturn
806 1839 1361 1924 apud‘Mertonam’³essumpsit,

411 1941 605 2024 ‘religiosae
634 1940 798 2008 mentis'⁴
825 1944 1040 2026 propositum
1069 1943 1167 2007 cultu
1196 1940 1361 2006 exteriori

411 2042 602 2108 declarans.

464 2299 615 2378 Quomodo
628 2300 799 2384 redemptus
812 2308 855 2364 est
869 2299 938 2364 Res
953 2298 1124 2375 Ite'eerdee²
1139 2307 1168 2362 et
1184 2298 1306 2384 Aeplio

604 2398 739 2484 spoliate
753 2399 894 2464 Peracto
910 2409 938 2464 et
952 2420 974 2464 e
991 2397 1156 2463 Oelicidee.

465 2578 554 2643 Post
575 2598 705 2660 paucos
730 2587 843 2644 autem
872 2580 947 2643 dies
969 2580 1156 2661 imperator
1177 2577 1221 2642 ad
1248 2578 1363 2642 locum

417 2679 475 2742 ubi
490 2698 554 2742 rex
576 2677 715 2761 Angliae
740 2681 945 2744 servabatur
962 2679 1114 2755 veniens,
1135 2669 1363 2760 praesentibus

416 2786 451 2841 et
466 2779 694 2842 mediantibus
717 2779 901 2862 episcopis,
920 2779 1076 2855 ducibus,
1098 2786 1204 2860 atque
1219 2797 1365 2859 magna-

418 2877 508 2939 tibus
526 2877 693 2958 plurimis
705 2897 765 2959 per
776 2879 849 2942 dies
865 2879 998 2960 aliquot
1009 2898 1137 2943 cumeo
1152 2878 1364 2958 colloquium

253 2981 353 3072 ffidgp
417 2975 547 3052 babuit,
571 2983 607 3040 et
623 2978 760 3041 tandem
778 2979 815 3040 in
830 2977 950 3060 vigilia
965 2979 1199 3060 apostolorum
1215 2977 1314 3041 Petri
1328 2985 1364 3041 et

418 3074 532 3152 Pauli,
547 3076 639 3139 omni
655 3097 733 3158 quae
751 3079 952 3142 vertebatur
967 3079 1059 3141 inter
1088 3096 1147 3141 eos
1171 3077 1364 3159 quaestione

418 3171 604 3251 ‘decisa‚'⁵
631 3184 666 3239 et
679 3197 814 3240 summa
841 3176 1084 3259 redemptionis
1114 3177 1218 3257 regiae
1249 3175 1366 3240 decla-

254 3283 506 3352 attemperata,
534 3276 722 3358 imperator
750 3297 866 3358 regem
893 3277 1086 3340 decaetero
1113 3276 1305 3352 honestius
1330 3275 1365 3338 id

253 3351 406 3487 ἓξῖἷῗιῖῗοι-
419 3382 472 3438 est
486 3375 560 3438 sine
570 3383 703 3453 catena,
715 3377 845 3441 servari
859 3377 1031 3456 decrevit3
1050 3376 1209 3457 denique,
1216 3374 1365 3458 jubente

293 3472 299 3487 '
417 3474 636 3555 imperatore,
656 3475 808 3558 episcopi
830 3482 865 3540 et
881 3475 986 3540 duces
1009 3495 1087 3542 cum
1116 3476 1279 3540 universa
1304 3495 1366 3538 no·

417 3573 552 3637 bilitate
574 3593 652 3655 quae
673 3575 793 3638 aderat
803 3575 1009 3658 juraverunt
1024 3577 1060 3640 in
1083 3575 1233 3638 animam
1257 3575 1367 3656 impe·

418 3673 543 3734 ratoris
566 3679 695 3736 certam
717 3675 810 3755 regis
832 3674 1080 3752 liberationem,
1102 3682 1182 3757 post
1205 3674 1366 3738 satisfac·

454 3961 621 4016 ¹‘Hubertus
638 3965 828 4014 salesbiriensis
842 3977 881 4014 er·
906 3961 1009 4014 Hubert
1018 3977 1074 4014 was
1089 3951 1187 4012 elected
1200 3977 1233 4012 on
1249 3963 1293 4014 the
1309 3965 1370 4014 soth

419 4035 880 4098 cbiepisoopuscontucriensiseligi·
905 4035 935 4084 oi
943 4034 1017 4094 May.
1155 4097 1163 4119 ⁹

419 4103 479 4169 tur,’
491 4107 548 4156 MS.
562 4106 657 4156 Innsd.
939 4099 1340 4236 :tffllitgihoffll’vlgisirffl'

453 4240 563 4304 ’Relph
579 4244 611 4293 de
631 4245 723 4294 Diceto
742 4258 802 4304 says
824 4240 878 4289 rhet
939 4234 949 4262 ⁶
968 4243 1166 4305 ‘descissaestss
1178 4241 1237 4292 MS.
1249 4243 1345 4292 Ionsd.
