<?xml version="1.0" encoding="UTF-8"?>
<!DOCTYPE html PUBLIC "-//W3C//DTD XHTML 1.0 Transitional//EN"
    "http://www.w3.org/TR/xhtml1/DTD/xhtml1-transitional.dtd">
<html xmlns="http://www.w3.org/1999/xhtml" xml:lang="en" lang="en">
 <head>
  <title>
</title>
<meta http-equiv="Content-Type" content="text/html;charset=utf-8" />
  <meta name='ocr-system' content='tesseract 3.04.00' />
  <meta name='ocr-capabilities' content='ocr_page ocr_carea ocr_par ocr_line ocrx_word'/>
</head>
<body>
  <div class='ocr_page' id='page_1' title='image "./chronicondomini01hamigoog_0096.png"; bbox 0 0 3132 4988; ppageno 0'>
   <div class='ocr_carea' id='block_1_1' title="bbox 387 485 1034 549">
    <p class='ocr_par' dir='ltr' id='par_1_1' title="bbox 387 485 1034 549">
     <span class='ocr_line' id='line_1_1' title="bbox 387 485 1034 549; baseline -0.009 0"><span class='ocrx_word' id='word_1_1' title='bbox 387 485 432 549; x_wconf 85' lang='grc'><strong>74</strong></span> <span class='ocrx_word' id='word_1_2' title='bbox 659 519 660 524; x_wconf 40' lang='lat'>1</span> <span class='ocrx_word' id='word_1_3' title='bbox 762 497 974 545; x_wconf 76' lang='lat' dir='ltr'><strong>canonicos</strong></span> <span class='ocrx_word' id='word_1_4' title='bbox 1032 503 1034 508; x_wconf 61' lang='grc'>’</span> 
     </span>
    </p>
   </div>
   <div class='ocr_carea' id='block_1_2' title="bbox 162 652 1347 4096">
    <p class='ocr_par' dir='ltr' id='par_1_2' title="bbox 230 652 1346 1034">
     <span class='ocr_line' id='line_1_2' title="bbox 239 652 1345 764; baseline -0.004 -42"><span class='ocrx_word' id='word_1_5' title='bbox 239 674 357 764; x_wconf 50' lang='grc' dir='ltr'><strong>Δειῦιιιῗῗῖὸ</strong></span> <span class='ocrx_word' id='word_1_6' title='bbox 389 675 476 720; x_wconf 87' lang='lat' dir='ltr'><strong>num·</strong></span> <span class='ocrx_word' id='word_1_7' title='bbox 500 657 597 720; x_wconf 87' lang='lat' dir='ltr'><strong>inse</strong></span> <span class='ocrx_word' id='word_1_8' title='bbox 622 654 776 720; x_wconf 85' lang='lat' dir='ltr'><strong>divisum</strong></span> <span class='ocrx_word' id='word_1_9' title='bbox 796 653 898 718; x_wconf 89' lang='lat' dir='ltr'><strong>citius</strong></span> <span class='ocrx_word' id='word_1_10' title='bbox 925 652 1148 729; x_wconf 78' lang='lat' dir='ltr'><strong>desolabitur,</strong></span> <span class='ocrx_word' id='word_1_11' title='bbox 1174 658 1185 690; x_wconf 90' lang='lat'>‘</span> <span class='ocrx_word' id='word_1_12' title='bbox 1197 659 1232 718; x_wconf 87' lang='lat' dir='ltr'><strong>et</strong></span> <span class='ocrx_word' id='word_1_13' title='bbox 1261 652 1345 718; x_wconf 64' lang='lat' dir='ltr'><strong>sic&#39;l</strong></span> 
     </span>
     <span class='ocr_line' id='line_1_3' title="bbox 230 751 1346 836; baseline -0.004 -15"><span class='ocrx_word' id='word_1_14' title='bbox 230 751 538 820; x_wconf 65' lang='lat' dir='ltr'><strong>·‘-*··‘-divisum</strong></span> <span class='ocrx_word' id='word_1_15' title='bbox 570 761 802 834; x_wconf 74' lang='lat' dir='ltr'><strong>astragum</strong></span> <span class='ocrx_word' id='word_1_16' title='bbox 831 751 969 833; x_wconf 85' lang='lat' dir='ltr'><strong>Angliae</strong></span> <span class='ocrx_word' id='word_1_17' title='bbox 1000 759 1050 816; x_wconf 43' lang='lat' dir='ltr'><strong>et,</strong></span> <span class='ocrx_word' id='word_1_18' title='bbox 1067 753 1213 816; x_wconf 87' lang='lat' dir='ltr'><strong>scissum</strong></span> <span class='ocrx_word' id='word_1_19' title='bbox 1239 753 1346 836; x_wconf 58' lang='lat' dir='ltr'><strong>‘quasi</strong></span> 
     </span>
     <span class='ocr_line' id='line_1_4' title="bbox 269 851 1346 937; baseline 0.001 -23"><span class='ocrx_word' id='word_1_20' title='bbox 269 893 275 914; x_wconf 90' lang='lat'>.</span> <span class='ocrx_word' id='word_1_21' title='bbox 388 856 425 919; x_wconf 92' lang='lat' dir='ltr'><strong>in</strong></span> <span class='ocrx_word' id='word_1_22' title='bbox 445 853 699 937; x_wconf 76' lang='lat' dir='ltr'><strong>dno;·2qni&#39;dem</strong></span> <span class='ocrx_word' id='word_1_23' title='bbox 721 852 810 917; x_wconf 89' lang='lat' dir='ltr'><strong>enim</strong></span> <span class='ocrx_word' id='word_1_24' title='bbox 832 852 906 932; x_wconf 79' lang='lat' dir='ltr'><strong>regi</strong></span> <span class='ocrx_word' id='word_1_25' title='bbox 927 851 1115 932; x_wconf 83' lang='lat' dir='ltr'><strong>etquidem</strong></span> <span class='ocrx_word' id='word_1_26' title='bbox 1133 851 1346 933; x_wconf 70' lang='lat' dir='ltr'><strong>impmatrici</strong></span> 
     </span>
     <span class='ocr_line' id='line_1_5' title="bbox 389 948 1346 1034; baseline -0.005 -16"><span class='ocrx_word' id='word_1_27' title='bbox 389 954 571 1018; x_wconf 86' lang='lat' dir='ltr'><strong>favebant:</strong></span> <span class='ocrx_word' id='word_1_28' title='bbox 595 972 665 1016; x_wconf 90' lang='lat' dir='ltr'><strong>non</strong></span> <span class='ocrx_word' id='word_1_29' title='bbox 681 951 773 1034; x_wconf 82' lang='lat' dir='ltr'><strong>quod</strong></span> <span class='ocrx_word' id='word_1_30' title='bbox 792 969 857 1013; x_wconf 84' lang='lat' dir='ltr'><strong>rex</strong></span> <span class='ocrx_word' id='word_1_31' title='bbox 871 949 928 1013; x_wconf 83' lang='lat' dir='ltr'><strong>uel</strong></span> <span class='ocrx_word' id='word_1_32' title='bbox 945 948 1148 1031; x_wconf 80' lang='lat' dir='ltr'><strong>imperatrix</strong></span> <span class='ocrx_word' id='word_1_33' title='bbox 1167 955 1240 1013; x_wconf 86' lang='lat' dir='ltr'><strong>suae</strong></span> <span class='ocrx_word' id='word_1_34' title='bbox 1248 950 1346 1032; x_wconf 90' lang='lat' dir='ltr'><strong>parti</strong></span> 
     </span>
    </p>

    <p class='ocr_par' dir='ltr' id='par_1_3' title="bbox 267 1040 1347 1230">
     <span class='ocr_line' id='line_1_6' title="bbox 267 1040 1347 1134; baseline -0.006 -16"><span class='ocrx_word' id='word_1_35' title='bbox 267 1040 269 1046; x_wconf 43' lang='lat'>¹</span> <span class='ocrx_word' id='word_1_36' title='bbox 299 1055 302 1061; x_wconf 80' lang='grc'><strong>’</strong></span> <span class='ocrx_word' id='word_1_37' title='bbox 389 1059 549 1134; x_wconf 87' lang='lat' dir='ltr'><strong>potenter</strong></span> <span class='ocrx_word' id='word_1_38' title='bbox 568 1051 772 1132; x_wconf 58' lang='lat' dir='ltr'><strong>,imperaret</strong></span> <span class='ocrx_word' id='word_1_39' title='bbox 796 1047 868 1122; x_wconf 70' lang='lat' dir='ltr'><strong>sedz</strong></span> <span class='ocrx_word' id='word_1_40' title='bbox 881 1053 1026 1129; x_wconf 87' lang='lat' dir='ltr'><strong>uterque</strong></span> <span class='ocrx_word' id='word_1_41' title='bbox 1048 1067 1129 1112; x_wconf 85' lang='lat' dir='ltr'><strong>suos</strong></span> <span class='ocrx_word' id='word_1_42' title='bbox 1156 1047 1260 1112; x_wconf 76' lang='lat' dir='ltr'><strong>‘ne&#39;l3</strong></span> <span class='ocrx_word' id='word_1_43' title='bbox 1280 1049 1347 1111; x_wconf 85' lang='lat' dir='ltr'><strong>dis-</strong></span> 
     </span>
     <span class='ocr_line' id='line_1_7' title="bbox 390 1147 1346 1230; baseline -0.005 -15"><span class='ocrx_word' id='word_1_44' title='bbox 390 1151 553 1230; x_wconf 83' lang='lat' dir='ltr'><strong>cederent</strong></span> <span class='ocrx_word' id='word_1_45' title='bbox 583 1149 720 1213; x_wconf 76' lang='lat' dir='ltr'><strong>blandis</strong></span> <span class='ocrx_word' id='word_1_46' title='bbox 751 1147 969 1212; x_wconf 81' lang='lat' dir='ltr'><strong>sermonibus</strong></span> <span class='ocrx_word' id='word_1_47' title='bbox 1004 1147 1244 1212; x_wconf 77' lang='lat' dir='ltr'><strong>demulceretr.</strong></span> <span class='ocrx_word' id='word_1_48' title='bbox 1262 1165 1346 1211; x_wconf 88' lang='lat' dir='ltr'><strong>sane</strong></span> 
     </span>
    </p>

    <p class='ocr_par' dir='ltr' id='par_1_4' title="bbox 389 1245 1344 1331">
     <span class='ocr_line' id='line_1_8' title="bbox 389 1245 1344 1331; baseline -0.002 -20"><span class='ocrx_word' id='word_1_49' title='bbox 389 1249 478 1313; x_wconf 88' lang='lat' dir='ltr'><strong>inter</strong></span> <span class='ocrx_word' id='word_1_50' title='bbox 494 1255 616 1331; x_wconf 59' lang='lat' dir='ltr'><strong>&gt;partes</strong></span> <span class='ocrx_word' id='word_1_51' title='bbox 633 1249 693 1312; x_wconf 88' lang='lat' dir='ltr'><strong>diu</strong></span> <span class='ocrx_word' id='word_1_52' title='bbox 711 1252 883 1312; x_wconf 80' lang='lat' dir='ltr'><strong>certatum</strong></span> <span class='ocrx_word' id='word_1_53' title='bbox 897 1253 962 1322; x_wconf 87' lang='lat' dir='ltr'><strong>est,</strong></span> <span class='ocrx_word' id='word_1_54' title='bbox 978 1245 1173 1310; x_wconf 81' lang='lat' dir='ltr'><strong>alternante</strong></span> <span class='ocrx_word' id='word_1_55' title='bbox 1185 1246 1344 1320; x_wconf 75' lang='lat' dir='ltr'><strong>fortuna3</strong></span> 
     </span>
    </p>

    <p class='ocr_par' dir='ltr' id='par_1_5' title="bbox 389 1345 1347 1722">
     <span class='ocr_line' id='line_1_9' title="bbox 389 1345 1347 1428; baseline -0.004 -16"><span class='ocrx_word' id='word_1_56' title='bbox 389 1347 464 1412; x_wconf 87' lang='lat' dir='ltr'><strong>sed</strong></span> <span class='ocrx_word' id='word_1_57' title='bbox 478 1354 564 1412; x_wconf 86' lang='lat' dir='ltr'><strong>tunc</strong></span> <span class='ocrx_word' id='word_1_58' title='bbox 593 1345 847 1428; x_wconf 88' lang='lat' dir='ltr'><strong>quodammodo</strong></span> <span class='ocrx_word' id='word_1_59' title='bbox 881 1345 1092 1408; x_wconf 82' lang='lat' dir='ltr'><strong>remissiores</strong></span> <span class='ocrx_word' id='word_1_60' title='bbox 1120 1351 1347 1422; x_wconf 39' lang='lat' dir='ltr'><strong>*metm-esse</strong></span> 
     </span>
     <span class='ocr_line' id='line_1_10' title="bbox 390 1441 1346 1529; baseline -0.005 -19"><span class='ocrx_word' id='word_1_61' title='bbox 390 1452 589 1529; x_wconf 86' lang='lat' dir='ltr'><strong>coeperunt:</strong></span> <span class='ocrx_word' id='word_1_62' title='bbox 606 1465 608 1470; x_wconf 75' lang='grc'>’</span> <span class='ocrx_word' id='word_1_63' title='bbox 627 1445 719 1526; x_wconf 88' lang='lat' dir='ltr'><strong>quod</strong></span> <span class='ocrx_word' id='word_1_64' title='bbox 751 1452 869 1508; x_wconf 86' lang='lat' dir='ltr'><strong>tamen</strong></span> <span class='ocrx_word' id='word_1_65' title='bbox 884 1447 887 1456; x_wconf 87' lang='lat'>&#39;</span> <span class='ocrx_word' id='word_1_66' title='bbox 902 1441 1039 1524; x_wconf 76' lang='lat' dir='ltr'><strong>Angliae</strong></span> <span class='ocrx_word' id='word_1_67' title='bbox 1073 1462 1142 1509; x_wconf 88' lang='lat' dir='ltr'><strong>non</strong></span> <span class='ocrx_word' id='word_1_68' title='bbox 1175 1443 1278 1507; x_wconf 78' lang='lat' dir='ltr'><strong>cas&#39;sit</strong></span> <span class='ocrx_word' id='word_1_69' title='bbox 1310 1445 1346 1506; x_wconf 91' lang='lat' dir='ltr'><strong>in</strong></span> 
     </span>
     <span class='ocr_line' id='line_1_11' title="bbox 389 1541 1347 1625; baseline -0.003 -16"><span class='ocrx_word' id='word_1_70' title='bbox 389 1546 529 1621; x_wconf 88' lang='lat' dir='ltr'><strong>bonum,</strong></span> <span class='ocrx_word' id='word_1_71' title='bbox 561 1563 603 1608; x_wconf 86' lang='lat' dir='ltr'><strong>eo</strong></span> <span class='ocrx_word' id='word_1_72' title='bbox 634 1543 727 1625; x_wconf 90' lang='lat' dir='ltr'><strong>quod</strong></span> <span class='ocrx_word' id='word_1_73' title='bbox 757 1549 810 1608; x_wconf 90' lang='lat' dir='ltr'><strong>tot</strong></span> <span class='ocrx_word' id='word_1_74' title='bbox 841 1549 940 1606; x_wconf 82' lang='lat' dir='ltr'><strong>arant</strong></span> <span class='ocrx_word' id='word_1_75' title='bbox 969 1560 1068 1623; x_wconf 82' lang='lat' dir='ltr'><strong>reges</strong></span> <span class='ocrx_word' id='word_1_76' title='bbox 1100 1549 1185 1624; x_wconf 91' lang='lat' dir='ltr'><strong>quot</strong></span> <span class='ocrx_word' id='word_1_77' title='bbox 1218 1541 1347 1606; x_wconf 89' lang='lat' dir='ltr'><strong>domini</strong></span> 
     </span>
     <span class='ocr_line' id='line_1_12' title="bbox 390 1640 1346 1722; baseline -0.003 -15"><span class='ocrx_word' id='word_1_78' title='bbox 390 1643 622 1720; x_wconf 87' lang='lat' dir='ltr'><strong>castellorum,</strong></span> <span class='ocrx_word' id='word_1_79' title='bbox 643 1643 810 1706; x_wconf 85' lang='lat' dir='ltr'><strong>habentes</strong></span> <span class='ocrx_word' id='word_1_80' title='bbox 829 1640 957 1722; x_wconf 83' lang='lat' dir='ltr'><strong>singuli</strong></span> <span class='ocrx_word' id='word_1_81' title='bbox 971 1641 1141 1704; x_wconf 86' lang='lat' dir='ltr'><strong>numisma</strong></span> <span class='ocrx_word' id='word_1_82' title='bbox 1157 1640 1346 1722; x_wconf 85' lang='lat' dir='ltr'><strong>proprium,</strong></span> 
     </span>
    </p>

    <p class='ocr_par' dir='ltr' id='par_1_6' title="bbox 390 1739 1346 1823">
     <span class='ocr_line' id='line_1_13' title="bbox 390 1739 1346 1823; baseline -0.004 -17"><span class='ocrx_word' id='word_1_83' title='bbox 390 1749 426 1806; x_wconf 89' lang='lat' dir='ltr'><strong>et</strong></span> <span class='ocrx_word' id='word_1_84' title='bbox 442 1762 537 1806; x_wconf 90' lang='lat' dir='ltr'><strong>more</strong></span> <span class='ocrx_word' id='word_1_85' title='bbox 553 1741 649 1822; x_wconf 79' lang='lat' dir='ltr'><strong>regio</strong></span> <span class='ocrx_word' id='word_1_86' title='bbox 663 1741 819 1804; x_wconf 87' lang='lat' dir='ltr'><strong>subditos</strong></span> <span class='ocrx_word' id='word_1_87' title='bbox 831 1739 1039 1823; x_wconf 87' lang='lat' dir='ltr'><strong>judicantes.</strong></span> <span class='ocrx_word' id='word_1_88' title='bbox 1090 1739 1137 1802; x_wconf 88' lang='lat' dir='ltr'><strong>Et</strong></span> <span class='ocrx_word' id='word_1_89' title='bbox 1151 1741 1234 1820; x_wconf 86' lang='lat' dir='ltr'><strong>quia</strong></span> <span class='ocrx_word' id='word_1_90' title='bbox 1247 1759 1346 1820; x_wconf 78' lang='lat' dir='ltr'><strong>mag·</strong></span> 
     </span>
    </p>

    <p class='ocr_par' dir='ltr' id='par_1_7' title="bbox 390 1837 1346 2022">
     <span class='ocr_line' id='line_1_14' title="bbox 390 1837 1346 1918; baseline -0.002 -14"><span class='ocrx_word' id='word_1_91' title='bbox 390 1848 489 1905; x_wconf 82' lang='lat' dir='ltr'><strong>nates</strong></span> <span class='ocrx_word' id='word_1_92' title='bbox 511 1849 612 1905; x_wconf 85' lang='lat' dir='ltr'><strong>terrae</strong></span> <span class='ocrx_word' id='word_1_93' title='bbox 634 1840 684 1904; x_wconf 90' lang='lat' dir='ltr'><strong>sic</strong></span> <span class='ocrx_word' id='word_1_94' title='bbox 702 1839 850 1903; x_wconf 87' lang='lat' dir='ltr'><strong>invicem</strong></span> <span class='ocrx_word' id='word_1_95' title='bbox 871 1837 1042 1902; x_wconf 84' lang='lat' dir='ltr'><strong>excellere</strong></span> <span class='ocrx_word' id='word_1_96' title='bbox 1061 1839 1279 1918; x_wconf 77' lang='lat' dir='ltr'><strong>satagebant,</strong></span> <span class='ocrx_word' id='word_1_97' title='bbox 1303 1858 1346 1916; x_wconf 83' lang='lat' dir='ltr'><strong>eo</strong></span> 
     </span>
     <span class='ocr_line' id='line_1_15' title="bbox 390 1937 1345 2022; baseline -0.003 -19"><span class='ocrx_word' id='word_1_98' title='bbox 390 1939 623 2022; x_wconf 80' lang='lat' dir='ltr'><strong>quodnullns</strong></span> <span class='ocrx_word' id='word_1_99' title='bbox 650 1940 688 2003; x_wconf 91' lang='lat' dir='ltr'><strong>in</strong></span> <span class='ocrx_word' id='word_1_100' title='bbox 713 1939 860 2002; x_wconf 87' lang='lat' dir='ltr'><strong>altarum</strong></span> <span class='ocrx_word' id='word_1_101' title='bbox 883 1937 1026 2001; x_wconf 89' lang='lat' dir='ltr'><strong>baberet</strong></span> <span class='ocrx_word' id='word_1_102' title='bbox 1047 1937 1345 2018; x_wconf 70' lang='lat' dir='ltr'><strong>imperium,smox</strong></span> 
     </span>
    </p>

    <p class='ocr_par' dir='ltr' id='par_1_8' title="bbox 390 2034 1345 2120">
     <span class='ocr_line' id='line_1_16' title="bbox 390 2034 1345 2120; baseline 0 -20"><span class='ocrx_word' id='word_1_103' title='bbox 390 2040 479 2102; x_wconf 89' lang='lat' dir='ltr'><strong>inter</strong></span> <span class='ocrx_word' id='word_1_104' title='bbox 495 2058 533 2102; x_wconf 86' lang='lat' dir='ltr'><strong>se</strong></span> <span class='ocrx_word' id='word_1_105' title='bbox 555 2039 787 2120; x_wconf 77' lang='lat' dir='ltr'><strong>disceptantes</strong></span> <span class='ocrx_word' id='word_1_106' title='bbox 806 2035 937 2118; x_wconf 75' lang='lat' dir='ltr'><strong>rapinis</strong></span> <span class='ocrx_word' id='word_1_107' title='bbox 956 2041 993 2098; x_wconf 87' lang='lat' dir='ltr'><strong>et</strong></span> <span class='ocrx_word' id='word_1_108' title='bbox 1010 2035 1176 2098; x_wconf 89' lang='lat' dir='ltr'><strong>incendiis</strong></span> <span class='ocrx_word' id='word_1_109' title='bbox 1196 2034 1345 2100; x_wconf 80' lang='lat' dir='ltr'><strong>clarissi-</strong></span> 
     </span>
    </p>

    <p class='ocr_par' dir='ltr' id='par_1_9' title="bbox 390 2133 1346 2219">
     <span class='ocr_line' id='line_1_17' title="bbox 390 2133 1346 2219; baseline -0.001 -19"><span class='ocrx_word' id='word_1_110' title='bbox 390 2157 465 2200; x_wconf 87' lang='lat' dir='ltr'><strong>mas</strong></span> <span class='ocrx_word' id='word_1_111' title='bbox 486 2137 643 2219; x_wconf 80' lang='lat' dir='ltr'><strong>regiones</strong></span> <span class='ocrx_word' id='word_1_112' title='bbox 666 2141 902 2216; x_wconf 83' lang='lat' dir='ltr'><strong>corruperunt,</strong></span> <span class='ocrx_word' id='word_1_113' title='bbox 918 2133 958 2196; x_wconf 91' lang='lat' dir='ltr'><strong>in</strong></span> <span class='ocrx_word' id='word_1_114' title='bbox 979 2140 1116 2197; x_wconf 90' lang='lat' dir='ltr'><strong>tantum</strong></span> <span class='ocrx_word' id='word_1_115' title='bbox 1135 2135 1227 2215; x_wconf 93' lang='lat' dir='ltr'><strong>quod</strong></span> <span class='ocrx_word' id='word_1_116' title='bbox 1244 2155 1346 2199; x_wconf 91' lang='lat' dir='ltr'><strong>omne</strong></span> 
     </span>
    </p>

    <p class='ocr_par' dir='ltr' id='par_1_10' title="bbox 390 2232 1346 2317">
     <span class='ocr_line' id='line_1_18' title="bbox 390 2232 1346 2317; baseline -0.001 -19"><span class='ocrx_word' id='word_1_117' title='bbox 390 2237 495 2308; x_wconf 80' lang='lat' dir='ltr'><strong>robur</strong></span> <span class='ocrx_word' id='word_1_118' title='bbox 509 2236 608 2317; x_wconf 86' lang='lat' dir='ltr'><strong>panis</strong></span> <span class='ocrx_word' id='word_1_119' title='bbox 625 2235 695 2298; x_wconf 86' lang='lat' dir='ltr'><strong>fere</strong></span> <span class='ocrx_word' id='word_1_120' title='bbox 709 2234 870 2316; x_wconf 89' lang='lat' dir='ltr'><strong>deperiit;</strong></span> <span class='ocrx_word' id='word_1_121' title='bbox 895 2232 1102 2314; x_wconf 89' lang='lat' dir='ltr'><strong>aquilonalis</strong></span> <span class='ocrx_word' id='word_1_122' title='bbox 1117 2241 1233 2297; x_wconf 88' lang='lat' dir='ltr'><strong>tamen</strong></span> <span class='ocrx_word' id='word_1_123' title='bbox 1249 2235 1346 2314; x_wconf 81' lang='lat' dir='ltr'><strong>regio</strong></span> 
     </span>
    </p>

    <p class='ocr_par' dir='ltr' id='par_1_11' title="bbox 391 2330 1345 2416">
     <span class='ocr_line' id='line_1_19' title="bbox 391 2330 1345 2416; baseline 0.001 -21"><span class='ocrx_word' id='word_1_124' title='bbox 391 2335 528 2415; x_wconf 82' lang='lat' dir='ltr'><strong>quaein</strong></span> <span class='ocrx_word' id='word_1_125' title='bbox 550 2339 757 2416; x_wconf 84' lang='lat' dir='ltr'><strong>potestatem</strong></span> <span class='ocrx_word' id='word_1_126' title='bbox 780 2330 898 2395; x_wconf 87' lang='lat' dir='ltr'><strong>David</strong></span> <span class='ocrx_word' id='word_1_127' title='bbox 920 2332 1013 2413; x_wconf 85' lang='lat' dir='ltr'><strong>regis</strong></span> <span class='ocrx_word' id='word_1_128' title='bbox 1035 2331 1216 2396; x_wconf 87' lang='lat' dir='ltr'><strong>Scotorum</strong></span> <span class='ocrx_word' id='word_1_129' title='bbox 1234 2351 1345 2414; x_wconf 89' lang='lat' dir='ltr'><strong>usque</strong></span> 
     </span>
    </p>

    <p class='ocr_par' dir='ltr' id='par_1_12' title="bbox 391 2431 1345 2514">
     <span class='ocr_line' id='line_1_20' title="bbox 391 2431 1345 2514; baseline -0.002 -18"><span class='ocrx_word' id='word_1_130' title='bbox 391 2432 437 2496; x_wconf 86' lang='lat' dir='ltr'><strong>ad</strong></span> <span class='ocrx_word' id='word_1_131' title='bbox 463 2433 591 2496; x_wconf 80' lang='lat' dir='ltr'><strong>flumen</strong></span> <span class='ocrx_word' id='word_1_132' title='bbox 620 2431 760 2494; x_wconf 77' lang='lat' dir='ltr'><strong>&#39;Pasiam</strong></span> <span class='ocrx_word' id='word_1_133' title='bbox 783 2438 944 2509; x_wconf 82' lang='lat' dir='ltr'><strong>cesserat,</strong></span> <span class='ocrx_word' id='word_1_134' title='bbox 968 2451 1029 2514; x_wconf 89' lang='lat' dir='ltr'><strong>per</strong></span> <span class='ocrx_word' id='word_1_135' title='bbox 1051 2431 1206 2513; x_wconf 87' lang='lat' dir='ltr'><strong>ejusdem</strong></span> <span class='ocrx_word' id='word_1_136' title='bbox 1229 2431 1345 2496; x_wconf 89' lang='lat' dir='ltr'><strong>David</strong></span> 
     </span>
    </p>

    <p class='ocr_par' dir='ltr' id='par_1_13' title="bbox 390 2527 1345 2613">
     <span class='ocr_line' id='line_1_21' title="bbox 390 2527 1345 2613; baseline -0.001 -18"><span class='ocrx_word' id='word_1_137' title='bbox 390 2531 487 2612; x_wconf 84' lang='lat' dir='ltr'><strong>regis</strong></span> <span class='ocrx_word' id='word_1_138' title='bbox 501 2527 710 2595; x_wconf 84' lang='lat' dir='ltr'><strong>industriam</strong></span> <span class='ocrx_word' id='word_1_139' title='bbox 726 2531 858 2611; x_wconf 85' lang='lat' dir='ltr'><strong>agebat</strong></span> <span class='ocrx_word' id='word_1_140' title='bbox 868 2531 904 2593; x_wconf 90' lang='lat' dir='ltr'><strong>in</strong></span> <span class='ocrx_word' id='word_1_141' title='bbox 923 2550 1020 2612; x_wconf 88' lang='lat' dir='ltr'><strong>pace.</strong></span> <span class='ocrx_word' id='word_1_142' title='bbox 1071 2528 1129 2595; x_wconf 80' lang='lat' dir='ltr'><strong>Ad</strong></span> <span class='ocrx_word' id='word_1_143' title='bbox 1145 2549 1247 2612; x_wconf 89' lang='lat' dir='ltr'><strong>quem</strong></span> <span class='ocrx_word' id='word_1_144' title='bbox 1268 2533 1345 2613; x_wconf 89' lang='lat' dir='ltr'><strong>qui·</strong></span> 
     </span>
    </p>

    <p class='ocr_par' dir='ltr' id='par_1_14' title="bbox 390 2628 1345 2812">
     <span class='ocr_line' id='line_1_22' title="bbox 390 2628 1345 2710; baseline 0 -17"><span class='ocrx_word' id='word_1_145' title='bbox 390 2629 469 2694; x_wconf 91' lang='lat' dir='ltr'><strong>dem</strong></span> <span class='ocrx_word' id='word_1_146' title='bbox 496 2629 670 2695; x_wconf 84' lang='lat' dir='ltr'><strong>Henricus</strong></span> <span class='ocrx_word' id='word_1_147' title='bbox 694 2629 786 2697; x_wconf 84' lang='lat' dir='ltr'><strong>filius</strong></span> <span class='ocrx_word' id='word_1_148' title='bbox 804 2630 1035 2710; x_wconf 82' lang='lat' dir='ltr'><strong>¹imperatricis</strong></span> <span class='ocrx_word' id='word_1_149' title='bbox 1061 2636 1097 2693; x_wconf 90' lang='lat' dir='ltr'><strong>et</strong></span> <span class='ocrx_word' id='word_1_150' title='bbox 1118 2649 1182 2692; x_wconf 81' lang='lat' dir='ltr'><strong>rex</strong></span> <span class='ocrx_word' id='word_1_151' title='bbox 1206 2628 1345 2710; x_wconf 84' lang='lat' dir='ltr'><strong>Angliae</strong></span> 
     </span>
     <span class='ocr_line' id='line_1_23' title="bbox 390 2729 1345 2812; baseline -0.001 -19"><span class='ocrx_word' id='word_1_152' title='bbox 390 2729 539 2806; x_wconf 81' lang='lat' dir='ltr'><strong>futurus,</strong></span> <span class='ocrx_word' id='word_1_153' title='bbox 562 2749 584 2794; x_wconf 90' lang='lat' dir='ltr'><strong>a</strong></span> <span class='ocrx_word' id='word_1_154' title='bbox 609 2736 717 2793; x_wconf 87' lang='lat' dir='ltr'><strong>matra</strong></span> <span class='ocrx_word' id='word_1_155' title='bbox 739 2729 877 2811; x_wconf 87' lang='lat' dir='ltr'><strong>missus,</strong></span> <span class='ocrx_word' id='word_1_156' title='bbox 895 2729 969 2812; x_wconf 89' lang='lat' dir='ltr'><strong>jam</strong></span> <span class='ocrx_word' id='word_1_157' title='bbox 995 2731 1116 2811; x_wconf 88' lang='lat' dir='ltr'><strong>pubes,</strong></span> <span class='ocrx_word' id='word_1_158' title='bbox 1139 2735 1345 2807; x_wconf 84' lang='lat' dir='ltr'><strong>accesserat,</strong></span> 
     </span>
    </p>

    <p class='ocr_par' dir='ltr' id='par_1_15' title="bbox 162 2827 1347 3206">
     <span class='ocr_line' id='line_1_24' title="bbox 391 2827 1346 2910; baseline -0.001 -17"><span class='ocrx_word' id='word_1_159' title='bbox 391 2835 427 2893; x_wconf 88' lang='lat' dir='ltr'><strong>et</strong></span> <span class='ocrx_word' id='word_1_160' title='bbox 451 2831 496 2893; x_wconf 93' lang='lat' dir='ltr'><strong>ab</strong></span> <span class='ocrx_word' id='word_1_161' title='bbox 518 2849 560 2892; x_wconf 91' lang='lat' dir='ltr'><strong>eo</strong></span> <span class='ocrx_word' id='word_1_162' title='bbox 584 2828 677 2910; x_wconf 90' lang='lat' dir='ltr'><strong>apud</strong></span> <span class='ocrx_word' id='word_1_163' title='bbox 700 2827 895 2892; x_wconf 88' lang='lat' dir='ltr'><strong>Karliolum</strong></span> <span class='ocrx_word' id='word_1_164' title='bbox 918 2828 1094 2908; x_wconf 85' lang='lat' dir='ltr'><strong>cingulum</strong></span> <span class='ocrx_word' id='word_1_165' title='bbox 1115 2827 1263 2892; x_wconf 86' lang='lat' dir='ltr'><strong>militare</strong></span> <span class='ocrx_word' id='word_1_166' title='bbox 1288 2847 1346 2892; x_wconf 89' lang='lat' dir='ltr'><strong>ac-</strong></span> 
     </span>
     <span class='ocr_line' id='line_1_25' title="bbox 230 2926 1346 3012; baseline 0 -20"><span class='ocrx_word' id='word_1_167' title='bbox 230 2940 379 3002; x_wconf 61' lang='lat' dir='ltr'><strong>Princfflenrr</strong></span> <span class='ocrx_word' id='word_1_168' title='bbox 391 2934 541 3009; x_wconf 89' lang='lat' dir='ltr'><strong>ceperat,</strong></span> <span class='ocrx_word' id='word_1_169' title='bbox 552 2928 627 3012; x_wconf 87' lang='lat' dir='ltr'><strong>jam</strong></span> <span class='ocrx_word' id='word_1_170' title='bbox 641 2927 851 2992; x_wconf 84' lang='lat' dir='ltr'><strong>militaturus</strong></span> <span class='ocrx_word' id='word_1_171' title='bbox 867 2927 903 2990; x_wconf 93' lang='lat' dir='ltr'><strong>in</strong></span> <span class='ocrx_word' id='word_1_172' title='bbox 920 2926 1036 2990; x_wconf 87' lang='lat' dir='ltr'><strong>hostes</strong></span> <span class='ocrx_word' id='word_1_173' title='bbox 1054 2934 1089 2991; x_wconf 89' lang='lat' dir='ltr'><strong>et</strong></span> <span class='ocrx_word' id='word_1_174' title='bbox 1108 2927 1174 2990; x_wconf 89' lang='lat' dir='ltr'><strong>sibi</strong></span> <span class='ocrx_word' id='word_1_175' title='bbox 1190 2926 1346 2992; x_wconf 74' lang='lat' dir='ltr'><strong>rebelles</strong></span> 
     </span>
     <span class='ocr_line' id='line_1_26' title="bbox 162 2991 1347 3130; baseline -0.002 -38"><span class='ocrx_word' id='word_1_176' title='bbox 162 3082 166 3092; x_wconf 78' lang='grc'>,</span> <span class='ocrx_word' id='word_1_177' title='bbox 228 2991 368 3130; x_wconf 51' lang='grc' dir='ltr'><strong>ἓξὲἓῗῗιῖ</strong></span> <span class='ocrx_word' id='word_1_178' title='bbox 393 3024 549 3107; x_wconf 89' lang='lat' dir='ltr'><strong>Accepto</strong></span> <span class='ocrx_word' id='word_1_179' title='bbox 584 3046 732 3109; x_wconf 88' lang='lat' dir='ltr'><strong>namque</strong></span> <span class='ocrx_word' id='word_1_180' title='bbox 771 3026 902 3122; x_wconf 80' lang='lat' dir='ltr'><strong>militiae</strong></span> <span class='ocrx_word' id='word_1_181' title='bbox 937 3025 1076 3107; x_wconf 83' lang='lat' dir='ltr'><strong>cingulo</strong></span> <span class='ocrx_word' id='word_1_182' title='bbox 1110 3025 1347 3090; x_wconf 80' lang='lat' dir='ltr'><strong>transfretavit</strong></span> 
     </span>
     <span class='ocr_line' id='line_1_27' title="bbox 393 3123 1346 3206; baseline 0 -18"><span class='ocrx_word' id='word_1_183' title='bbox 393 3125 437 3188; x_wconf 87' lang='lat' dir='ltr'><strong>ad</strong></span> <span class='ocrx_word' id='word_1_184' title='bbox 467 3133 612 3206; x_wconf 88' lang='lat' dir='ltr'><strong>patrem,</strong></span> <span class='ocrx_word' id='word_1_185' title='bbox 638 3132 673 3189; x_wconf 92' lang='lat' dir='ltr'><strong>et</strong></span> <span class='ocrx_word' id='word_1_186' title='bbox 695 3131 770 3188; x_wconf 89' lang='lat' dir='ltr'><strong>erat</strong></span> <span class='ocrx_word' id='word_1_187' title='bbox 794 3131 922 3188; x_wconf 87' lang='lat' dir='ltr'><strong>extunc</strong></span> <span class='ocrx_word' id='word_1_188' title='bbox 947 3123 1105 3187; x_wconf 90' lang='lat' dir='ltr'><strong>militaris</strong></span> <span class='ocrx_word' id='word_1_189' title='bbox 1131 3124 1251 3204; x_wconf 85' lang='lat' dir='ltr'><strong>gloriae</strong></span> <span class='ocrx_word' id='word_1_190' title='bbox 1277 3144 1346 3189; x_wconf 91' lang='lat' dir='ltr'><strong>non</strong></span> 
     </span>
    </p>

    <p class='ocr_par' dir='ltr' id='par_1_16' title="bbox 209 3222 1347 3600">
     <span class='ocr_line' id='line_1_28' title="bbox 230 3222 1346 3305; baseline -0.004 -15"><span class='ocrx_word' id='word_1_191' title='bbox 230 3253 358 3302; x_wconf 62' lang='lat' dir='ltr'><strong>aeones</strong></span> <span class='ocrx_word' id='word_1_192' title='bbox 392 3224 529 3305; x_wconf 90' lang='lat' dir='ltr'><strong>tepidus</strong></span> <span class='ocrx_word' id='word_1_193' title='bbox 559 3223 738 3288; x_wconf 83' lang='lat' dir='ltr'><strong>aemulator</strong></span> <span class='ocrx_word' id='word_1_194' title='bbox 767 3223 928 3288; x_wconf 78' lang='lat' dir='ltr'><strong>existens,</strong></span> <span class='ocrx_word' id='word_1_195' title='bbox 982 3222 1069 3286; x_wconf 90' lang='lat' dir='ltr'><strong>Post</strong></span> <span class='ocrx_word' id='word_1_196' title='bbox 1094 3229 1210 3286; x_wconf 87' lang='lat' dir='ltr'><strong>autem</strong></span> <span class='ocrx_word' id='word_1_197' title='bbox 1237 3242 1346 3286; x_wconf 88' lang='lat' dir='ltr'><strong>annos</strong></span> 
     </span>
     <span class='ocr_line' id='line_1_29' title="bbox 227 3302 1347 3407; baseline -0.005 -17"><span class='ocrx_word' id='word_1_198' title='bbox 227 3302 358 3392; x_wconf 59' lang='lat' dir='ltr'><strong>i1¹i³i¹¹⁶i⁸&#39;&#39;</strong></span> <span class='ocrx_word' id='word_1_199' title='bbox 392 3323 536 3407; x_wconf 82' lang='lat' dir='ltr'><strong>aliquot,</strong></span> <span class='ocrx_word' id='word_1_200' title='bbox 551 3330 649 3405; x_wconf 89' lang='lat' dir='ltr'><strong>patre</strong></span> <span class='ocrx_word' id='word_1_201' title='bbox 670 3324 706 3385; x_wconf 92' lang='lat' dir='ltr'><strong>in</strong></span> <span class='ocrx_word' id='word_1_202' title='bbox 725 3323 799 3385; x_wconf 84' lang='lat' dir='ltr'><strong>fata</strong></span> <span class='ocrx_word' id='word_1_203' title='bbox 817 3322 969 3398; x_wconf 89' lang='lat' dir='ltr'><strong>cedente,</strong></span> <span class='ocrx_word' id='word_1_204' title='bbox 984 3322 1119 3402; x_wconf 86' lang='lat' dir='ltr'><strong>paterni</strong></span> <span class='ocrx_word' id='word_1_205' title='bbox 1128 3321 1219 3403; x_wconf 90' lang='lat' dir='ltr'><strong>juris</strong></span> <span class='ocrx_word' id='word_1_206' title='bbox 1238 3321 1347 3402; x_wconf 89' lang='lat' dir='ltr'><strong>pleni-</strong></span> 
     </span>
     <span class='ocr_line' id='line_1_30' title="bbox 209 3418 1345 3501; baseline -0.004 -14"><span class='ocrx_word' id='word_1_207' title='bbox 209 3425 211 3430; x_wconf 82' lang='grc'><strong>’</strong></span> <span class='ocrx_word' id='word_1_208' title='bbox 391 3422 558 3499; x_wconf 89' lang='lat' dir='ltr'><strong>tudinem,</strong></span> <span class='ocrx_word' id='word_1_209' title='bbox 593 3420 883 3501; x_wconf 67' lang='lat' dir='ltr'><strong>andegavensem</strong></span> <span class='ocrx_word' id='word_1_210' title='bbox 921 3419 1052 3483; x_wconf 89' lang='lat' dir='ltr'><strong>scilicet</strong></span> <span class='ocrx_word' id='word_1_211' title='bbox 1083 3425 1118 3482; x_wconf 89' lang='lat' dir='ltr'><strong>et</strong></span> <span class='ocrx_word' id='word_1_212' title='bbox 1152 3418 1345 3501; x_wconf 84' lang='lat' dir='ltr'><strong>Cynomen-</strong></span> 
     </span>
     <span class='ocr_line' id='line_1_31' title="bbox 391 3517 1344 3600; baseline -0.001 -17"><span class='ocrx_word' id='word_1_213' title='bbox 391 3539 528 3584; x_wconf 88' lang='lat' dir='ltr'><strong>nensem</strong></span> <span class='ocrx_word' id='word_1_214' title='bbox 539 3521 751 3595; x_wconf 89' lang='lat' dir='ltr'><strong>comitatum,</strong></span> <span class='ocrx_word' id='word_1_215' title='bbox 764 3525 799 3582; x_wconf 88' lang='lat' dir='ltr'><strong>et</strong></span> <span class='ocrx_word' id='word_1_216' title='bbox 813 3517 957 3582; x_wconf 89' lang='lat' dir='ltr'><strong>materni</strong></span> <span class='ocrx_word' id='word_1_217' title='bbox 963 3518 1054 3600; x_wconf 89' lang='lat' dir='ltr'><strong>juris</strong></span> <span class='ocrx_word' id='word_1_218' title='bbox 1065 3517 1268 3600; x_wconf 89' lang='lat' dir='ltr'><strong>portionem,</strong></span> <span class='ocrx_word' id='word_1_219' title='bbox 1280 3519 1344 3582; x_wconf 91' lang='lat' dir='ltr'><strong>sci-</strong></span> 
     </span>
    </p>

    <p class='ocr_par' dir='ltr' id='par_1_17' title="bbox 391 3615 1346 3798">
     <span class='ocr_line' id='line_1_32' title="bbox 391 3615 1346 3698; baseline 0 -17"><span class='ocrx_word' id='word_1_220' title='bbox 391 3618 471 3681; x_wconf 88' lang='lat' dir='ltr'><strong>licet</strong></span> <span class='ocrx_word' id='word_1_221' title='bbox 489 3618 712 3681; x_wconf 84' lang='lat' dir='ltr'><strong>Nonnanniae</strong></span> <span class='ocrx_word' id='word_1_222' title='bbox 728 3617 901 3692; x_wconf 89' lang='lat' dir='ltr'><strong>ducatum,</strong></span> <span class='ocrx_word' id='word_1_223' title='bbox 919 3617 1059 3698; x_wconf 88' lang='lat' dir='ltr'><strong>recepit.</strong></span> <span class='ocrx_word' id='word_1_224' title='bbox 1112 3615 1238 3698; x_wconf 87' lang='lat' dir='ltr'><strong>Itaque</strong></span> <span class='ocrx_word' id='word_1_225' title='bbox 1255 3619 1346 3697; x_wconf 88' lang='lat' dir='ltr'><strong>patri</strong></span> 
     </span>
     <span class='ocr_line' id='line_1_33' title="bbox 391 3715 1345 3798; baseline 0 -20"><span class='ocrx_word' id='word_1_226' title='bbox 391 3716 577 3778; x_wconf 89' lang='lat' dir='ltr'><strong>succedens</strong></span> <span class='ocrx_word' id='word_1_227' title='bbox 595 3723 630 3778; x_wconf 89' lang='lat' dir='ltr'><strong>et</strong></span> <span class='ocrx_word' id='word_1_228' title='bbox 645 3721 791 3778; x_wconf 89' lang='lat' dir='ltr'><strong>matrem</strong></span> <span class='ocrx_word' id='word_1_229' title='bbox 810 3715 1045 3796; x_wconf 87' lang='lat' dir='ltr'><strong>potentialiter</strong></span> <span class='ocrx_word' id='word_1_230' title='bbox 1063 3715 1244 3792; x_wconf 85' lang='lat' dir='ltr'><strong>excedens,</strong></span> <span class='ocrx_word' id='word_1_231' title='bbox 1260 3735 1345 3798; x_wconf 94' lang='lat' dir='ltr'><strong>quo·</strong></span> 
     </span>
    </p>

    <p class='ocr_par' dir='ltr' id='par_1_18' title="bbox 392 3812 1345 3896">
     <span class='ocr_line' id='line_1_34' title="bbox 392 3812 1345 3896; baseline 0 -19"><span class='ocrx_word' id='word_1_232' title='bbox 392 3833 528 3893; x_wconf 89' lang='lat' dir='ltr'><strong>cunque</strong></span> <span class='ocrx_word' id='word_1_233' title='bbox 549 3814 690 3877; x_wconf 89' lang='lat' dir='ltr'><strong>divertit</strong></span> <span class='ocrx_word' id='word_1_234' title='bbox 708 3812 895 3877; x_wconf 88' lang='lat' dir='ltr'><strong>industrius</strong></span> <span class='ocrx_word' id='word_1_235' title='bbox 914 3820 1142 3896; x_wconf 87' lang='lat' dir='ltr'><strong>strenuusque</strong></span> <span class='ocrx_word' id='word_1_236' title='bbox 1164 3815 1345 3896; x_wconf 84' lang='lat' dir='ltr'><strong>apparuit3</strong></span> 
     </span>
    </p>

    <p class='ocr_par' dir='ltr' id='par_1_19' title="bbox 391 3911 1346 3996">
     <span class='ocr_line' id='line_1_35' title="bbox 391 3911 1346 3996; baseline 0 -20"><span class='ocrx_word' id='word_1_237' title='bbox 391 3914 441 3978; x_wconf 90' lang='lat' dir='ltr'><strong>ita</strong></span> <span class='ocrx_word' id='word_1_238' title='bbox 463 3920 503 3977; x_wconf 91' lang='lat' dir='ltr'><strong>ut</strong></span> <span class='ocrx_word' id='word_1_239' title='bbox 520 3913 596 3996; x_wconf 89' lang='lat' dir='ltr'><strong>jam</strong></span> <span class='ocrx_word' id='word_1_240' title='bbox 612 3911 681 3976; x_wconf 91' lang='lat' dir='ltr'><strong>illis</strong></span> <span class='ocrx_word' id='word_1_241' title='bbox 697 3911 920 3976; x_wconf 89' lang='lat' dir='ltr'><strong>formidabilis</strong></span> <span class='ocrx_word' id='word_1_242' title='bbox 935 3913 1098 3976; x_wconf 87' lang='lat' dir='ltr'><strong>existeret</strong></span> <span class='ocrx_word' id='word_1_243' title='bbox 1113 3913 1173 3994; x_wconf 94' lang='lat' dir='ltr'><strong>qui</strong></span> <span class='ocrx_word' id='word_1_244' title='bbox 1190 3912 1346 3976; x_wconf 89' lang='lat' dir='ltr'><strong>felicibus</strong></span> 
     </span>
    </p>

    <p class='ocr_par' dir='ltr' id='par_1_20' title="bbox 391 4010 1347 4096">
     <span class='ocr_line' id='line_1_36' title="bbox 391 4010 1347 4096; baseline -0.002 -19"><span class='ocrx_word' id='word_1_245' title='bbox 391 4010 467 4096; x_wconf 89' lang='lat' dir='ltr'><strong>ejus</strong></span> <span class='ocrx_word' id='word_1_246' title='bbox 490 4014 595 4077; x_wconf 87' lang='lat' dir='ltr'><strong>initiis</strong></span> <span class='ocrx_word' id='word_1_247' title='bbox 621 4012 839 4077; x_wconf 85' lang='lat' dir='ltr'><strong>invidebant:</strong></span> <span class='ocrx_word' id='word_1_248' title='bbox 871 4032 1018 4093; x_wconf 90' lang='lat' dir='ltr'><strong>cumque</strong></span> <span class='ocrx_word' id='word_1_249' title='bbox 1044 4013 1081 4074; x_wconf 90' lang='lat' dir='ltr'><strong>in</strong></span> <span class='ocrx_word' id='word_1_250' title='bbox 1109 4013 1347 4075; x_wconf 85' lang='lat' dir='ltr'><strong>transmarinis</strong></span> 
     </span>
    </p>
   </div>
   <div class='ocr_carea' id='block_1_3' title="bbox 462 4222 1274 4291">
    <p class='ocr_par' dir='ltr' id='par_1_21' title="bbox 462 4222 1274 4291">
     <span class='ocr_line' id='line_1_37' title="bbox 462 4222 1274 4291; baseline -0.005 -14"><span class='ocrx_word' id='word_1_251' title='bbox 462 4225 469 4253; x_wconf 92' lang='lat'>¹</span> <span class='ocrx_word' id='word_1_252' title='bbox 488 4229 612 4291; x_wconf 88' lang='lat' dir='ltr'><strong>Supplied</strong></span> <span class='ocrx_word' id='word_1_253' title='bbox 624 4228 687 4277; x_wconf 83' lang='lat' dir='ltr'><strong>iram</strong></span> <span class='ocrx_word' id='word_1_254' title='bbox 700 4227 757 4278; x_wconf 91' lang='lat' dir='ltr'><strong>MS.</strong></span> <span class='ocrx_word' id='word_1_255' title='bbox 770 4226 864 4276; x_wconf 87' lang='lat' dir='ltr'><strong>Lansd.</strong></span> <span class='ocrx_word' id='word_1_256' title='bbox 934 4222 944 4254; x_wconf 78' lang='lat'>²</span> <span class='ocrx_word' id='word_1_257' title='bbox 962 4225 1009 4274; x_wconf 88' lang='lat' dir='ltr'><strong>‘ne</strong></span> <span class='ocrx_word' id='word_1_258' title='bbox 1022 4240 1038 4273; x_wconf 91' lang='lat' dir='ltr'><strong>a</strong></span> <span class='ocrx_word' id='word_1_259' title='bbox 1050 4224 1097 4287; x_wconf 84' lang='lat' dir='ltr'><strong>se,&#39;</strong></span> <span class='ocrx_word' id='word_1_260' title='bbox 1109 4224 1166 4275; x_wconf 90' lang='lat' dir='ltr'><strong>MS.</strong></span> <span class='ocrx_word' id='word_1_261' title='bbox 1179 4225 1274 4274; x_wconf 84' lang='lat' dir='ltr'><strong>Lansd.</strong></span> 
     </span>
    </p>
   </div>
   <div class='ocr_carea' id='block_1_4' title="bbox 0 0 1572 4988">
    <p class='ocr_par' dir='ltr' id='par_1_22' title="bbox 0 0 1572 4988">
     <span class='ocr_line' id='line_1_38' title="bbox 0 0 1572 4988; baseline 0 0"><span class='ocrx_word' id='word_1_262' title='bbox 0 0 1572 4988; x_wconf 95' lang='lat' dir='ltr'><strong> </strong></span> 
     </span>
    </p>
   </div>
  </div>
 </body>
</html>
