3132 4988
416 503 584 550 wanrnnr
609 505 656 551 nr
680 505 962 553 unuruonuucn.
1089 490 1152 552 141

202 662 313 724 crucis
330 660 460 725 Christi
476 669 547 723 tam
562 659 673 724 multa
691 664 918 744 possiderent,
934 681 1012 726 cum
1028 663 1095 744 ipsi
1109 661 1152 726 ad
1180 677 1305 767 pleraq&

204 762 292 824 tanti
315 760 446 823 itineris
468 760 620 823 laborem
644 771 802 843 sumptus
825 782 894 827 non
915 763 1079 826 haherent
1095 782 1154 826 ne·
1168 754 1309 850 ww„

205 860 395 937 cessarios;
430 860 637 923 arbitrantes
661 880 744 942 ergo
770 863 972 944 obsequium
1004 881 1041 926 se
1067 881 1155 943 prae·
1168 861 1276 900 ΜΝ·

206 968 298 1022 stare
335 960 412 1022 Deo
444 959 473 1021 si
505 959 622 1022 hostes
653 960 728 1043 ejus
761 962 977 1043 impeterent,
1011 980 1157 1043 quorum

207 1060 304 1122 bonis
318 1058 508 1134 inhiabant,
523 1058 689 1122 audacter
702 1061 874 1124 irruerunt
888 1061 924 1123 in
939 1079 1007 1132 eos,
1024 1061 1158 1124 nemine

209 1161 314 1223 tantis
334 1178 372 1221 se
392 1158 534 1221 ausibus
553 1166 758 1239 opponente.
811 1159 904 1223 Caesi
923 1165 1004 1223 sunt
1027 1159 1159 1241 aliquot

208 1278 253 1320 ex
282 1258 305 1321 J
309 1258 429 1332 udaeiS,
463 1259 580 1321 caeteri
613 1277 694 1320 vero
723 1258 866 1321 ‘intra’¹
896 1259 1076 1322 castellum
1106 1278 1159 1323 re·

209 1359 301 1440 cepti
337 1377 430 1438 aegre
468 1365 673 1420 evaserunt:
707 1357 887 1440 praedones
927 1365 1043 1422 autern
1080 1378 1158 1422 cum

210 1459 264 1519 sui
279 1457 392 1539 operis
408 1455 638 1519 emolumento
658 1458 826 1536 abierunt,
843 1457 1026 1540 nullusque
1041 1477 1159 1521 eorum

210 1564 350 1638 propter
387 1555 452 1619 hoc
482 1555 597 1619 studio
631 1555 820 1638 disciplinae
853 1558 957 1638 regiae
997 1557 1160 1621 sustinuit

210 1657 446 1738 quaestionem.

482 1813 562 1876 Item
575 1811 665 1896 apud
677 1813 887 1878 Maroialum.

261 1961 538 2025 ‘Lincolnienses
575 1981 658 2024 vero
695 1960 875 2026 audientes
916 1960 1034 2042 qualia
1069 1960 1162 2024 circa
1176 1998 1312 2039 „mm

208 2060 356 2125 Judaeos
383 2067 579 2143 agerentur,
602 2061 818 2124 occasionem
846 2061 940 2124 nacti
963 2067 998 2123 et
1020 2059 1162 2123 animati

212 2162 392 2243 exemplis,
419 2159 548 2241 aliquid
572 2159 767 2223 audendum
800 2160 987 2236 duxerunt,
1017 2166 1053 2222 et
1082 2179 1162 2222 con-

212 2261 345 2343 globati
381 2262 417 2323 in
452 2260 691 2323 cohabitantes
727 2259 750 2322 J
753 2259 871 2323 udaeos
912 2268 1009 2323 motu
1049 2259 1163 2324 subito

213 2367 428 2425 exarserunt.
480 2359 591 2423 Porro
615 2359 638 2422 J
641 2359 732 2422 udaei
755 2378 884 2440 pavore
909 2367 943 2423 et
972 2359 1079 2423 exitio
1100 2359 1162 2423 ali·

212 2481 312 2525 orum
327 2451 498 2524 cautiores
512 2458 643 2538 effecti3
666 2459 787 2540 paucis
795 2459 976 2523 discrimen
991 2461 1162 2542 expertis;

212 2562 250 2623 in
272 2560 495 2624 munitionem
516 2559 646 2639 regiam
674 2578 753 2622 cum
776 2560 930 2641 pecuniis
952 2567 1088 2623 mature
1110 2579 1163 2622 se-

213 2658 431 2724 cesserunt.'²

498 2800 578 2862 Item
594 2798 683 2882 opud
698 2797 886 2862 Eboracum.

267 2949 397 3013 Verum
431 2948 705 3012 Eboracensibus
729 2968 798 3011 non
830 2956 942 3012 metus
966 2948 1167 3012 ferocissimi
1180 2966 1288 3053 aaron?

216 3049 391 3132 principis
416 3068 483 3111 non
509 3049 611 3128 vigor
636 3048 764 3128 legum,
790 3067 859 3111 non
884 3048 985 3124 ratio,
1011 3067 1079 3110 non
1103 3048 1166 3110 hu·
1181 3017 1295 3058 M⁵¹⁶h¹‘

216 3147 365 3212 manitas
394 3147 540 3223 obstitit,
571 3147 754 3227 quominus
783 3148 891 3210 exitio
923 3147 1073 3228 generali
1103 3146 1167 3210 tol·

217 3250 370 3312 lerentur
409 3247 432 3310 J
436 3246 534 3310 odaei.
588 3246 855 3309 Eboracensium
896 3252 1011 3309 autem
1048 3244 1071 3307 J
1074 3245 1168 3308 udae-

220 3368 318 3412 orum
341 3348 409 3410 dno
430 3346 531 3427 primi
551 3345 646 3409 fuere
670 3347 878 3410 Benedictus
902 3351 937 3407 et
959 3343 1004 3406 ‘J
1008 3341 1169 3418 ocenus,’³

220 3447 372 3512 homines
401 3445 662 3528 locupletissimi
694 3453 729 3509 et
758 3444 828 3508 late
856 3444 1084 3508 foenerantes:
1123 3443 1170 3507 hii

220 3548 288 3610 duo
308 3545 353 3609 ad
371 3546 628 3610 coronationem
650 3545 741 3625 regis
764 3545 958 3627 pompatice
983 3543 1169 3625 proceden-

221 3656 284 3722 tes,
318 3647 354 3708 in
386 3645 550 3718 conflictu
581 3644 768 3708 Londoniis
802 3664 880 3707 cum
915 3643 1049 3708 caeteris
1082 3645 1170 3708 exti-

220 3752 355 3810 terunt:
381 3764 527 3827 quorum
554 3743 612 3807 ille
642 3743 863 3821 Benedictus
893 3743 1007 3826 plagis
1031 3744 1171 3827 imposi-

220 3847 276 3921 tis,
295 3845 573 3926 comprehensus,
593 3851 633 3908 ut
653 3852 797 3908 mortem
822 3843 973 3908 differret
996 3844 1171 3908 Christum

259 4049 265 4078 Ι
282 4052 290 4079 ζ
304 4053 310 4064 ’
379 4052 386 4074 9

222 4051 378 4171 aab?
396 4051 685 4101 Mssffl‘m'wd
747 4117 757 4147 ³
785 4119 962 4181 ‘tecelinus’
991 4119 1047 4169 ua.
1080 4119 1175 4172 msa.

255 4189 344 4240 ’This
365 4190 461 4239 section
483 4192 506 4239 is
530 4190 635 4240 omitted
661 4191 687 4237 in
712 4189 876 4252 throughout.

224 4261 279 4310 Ms.
292 4261 358 4311 Coll.
371 4260 441 4309 Arm.
