3130 4990
233 670 307 718 llenry
316 671 359 710 Ili.

381 479 447 542 270
750 491 961 538 cnaomcou

383 648 527 711 Henrici
543 648 601 710 avi
620 646 729 709 nostri
749 665 811 727 per
831 645 949 708 eadem
968 646 1044 708 loca
1060 653 1094 708 et
1110 646 1247 709 eosdem
1263 656 1331 712 ter-

221 720 493 810 Qminos
530 747 619 809 sicut
658 764 733 807 esse
763 752 1017 807 consueverunt
1062 754 1216 826 tempore
1256 767 1329 811 suo.

218 803 298 848 Marna

219 853 303 892 Charta

384 845 512 908 Nullus
527 845 730 919 vicecomes
742 843 1028 918 constabularius,
1043 845 1328 922 ‘coronatores,'¹

382 945 438 1007 vel
470 943 529 1006 alii
559 943 677 1007 ballivi
709 942 816 1006 nostri
855 949 996 1005 teneant
1035 941 1164 1022 placita
1194 963 1329 1008 coronae

383 1049 520 1107 nostrae.
573 1042 610 1105 Si
623 1041 746 1122 aliquis
757 1048 879 1104 tenens
889 1041 931 1103 de
942 1040 1040 1104 nobis
1051 1042 1179 1104 laicum
1192 1042 1329 1106 feodum
1365 1051 1383 1104 5

382 1142 560 1216 moriatur,
570 1149 605 1204 et
616 1141 806 1205 vicecomes
819 1139 873 1203 vel
883 1139 1032 1203 ballivus
1041 1147 1156 1204 noster
1169 1141 1329 1205 ostendat

382 1242 499 1304 literas
521 1247 656 1303 nostras
680 1245 839 1320 patentes
860 1237 902 1302 de
922 1239 1186 1302 summonitione
1209 1249 1328 1305 nostra

380 1340 423 1402 de
434 1339 548 1402 debito
560 1338 653 1420 quod
666 1338 849 1401 defunctus
864 1337 962 1400 nobis
976 1338 1105 1414 debuit,
1120 1338 1223 1403 liceat
1235 1341 1326 1405 vice-

380 1437 497 1500 comiti
522 1437 576 1500 vel
600 1436 728 1501 ballivo
752 1443 871 1499 nostro
897 1437 1088 1500 attachiare
1110 1446 1145 1501 et
1166 1438 1327 1503 imbrevi-

380 1556 438 1599 ore
461 1532 642 1599 ‘catalla’2
662 1535 816 1598 defuncti
837 1536 980 1598 inventa
998 1536 1034 1598 in
1053 1536 1144 1600 laico
1163 1535 1262 1601 seodo
1283 1538 1326 1600 ad
1343 1535 1382 1590 10

378 1635 564 1698 valentiam
581 1634 673 1696 illius
696 1633 801 1697 debiti
822 1634 1012 1714 pervisum
1032 1635 1195 1716 legalium
1218 1636 1326 1699 homi-

379 1754 472 1808 num,
498 1734 548 1797 ita
570 1739 685 1797 tamen
710 1733 802 1815 quod
824 1731 973 1795 ‘nibil‘³
995 1743 1197 1798 amoveatur
1218 1734 1327 1799 donec

379 1833 598 1914 persolvatur
615 1833 713 1896 nobis
735 1831 887 1896 debitum
906 1833 999 1913 quod
1014 1833 1145 1896 clarum
1163 1834 1275 1910 fuerit,
1291 1844 1327 1898 et

378 1932 553 1995 residuum
576 1931 790 2011 relinquatur
810 1933 1052 1995 executoribus
1072 1933 1114 1996 ad
1133 1932 1324 1996 faciendum

379 2038 624 2094 testamentum
647 2029 819 2107 defuncti;
843 2030 925 2093 etsi
947 2031 1031 2092 nibil
1047 2032 1145 2095 uobis
1160 2031 1327 2095 debeatur
1342 2038 1379 2093 15
1402 2076 1405 2081 -

379 2132 423 2193 ab
453 2131 529 2211 ipso
559 2130 674 2192 omnia
701 2129 830 2191 catalla
857 2129 980 2192 cedant
1014 2129 1186 2206 defuncto,
1220 2130 1326 2194 salvis

379 2229 481 2292 uxori
508 2226 673 2309 ‘ipsius'⁴
700 2234 736 2290 et
759 2227 874 2308 pueris
906 2224 1031 2291 ‘suis’⁵
1065 2229 1326 2293 rationabilibus

379 2327 536 2408 partibus
562 2327 645 2389 suis.
699 2325 826 2389 Nullus
856 2326 1131 2390 constabularius
1160 2329 1216 2392 vel
1249 2327 1326 2411 ejus

380 2426 529 2489 ballivus
544 2425 660 2505 capiat
675 2423 777 2488 blada
795 2425 851 2487 vel
869 2425 939 2488 alia
954 2426 1082 2490 catalla
1097 2426 1243 2510 alicujus
1266 2429 1326 2508 qui

380 2545 448 2588 non
466 2525 511 2587 sit
527 2524 569 2588 de
587 2523 671 2588 villa
685 2524 744 2586 ubi
761 2529 911 2586 castrum
928 2525 1032 2588 situm
1046 2533 1110 2599 est,
1126 2525 1192 2588 nisi
1205 2526 1325 2589 statim
1339 2529 1378 2586 20

377 2624 455 2687 inde
469 2623 591 2687 reddat
606 2624 775 2698 denarios,
795 2629 858 2685 aut
878 2632 1071 2704 respectum
1096 2624 1174 2686 inde
1198 2624 1325 2688 habere

376 2723 486 2804 possit
510 2723 552 2784 de
568 2721 747 2785 voluntate
770 2721 971 2798 venditoris
993 2723 1023 2784 si
1048 2730 1163 2786 autem
1181 2724 1223 2787 de
1241 2723 1325 2786 villa

376 2822 452 2903 ipsa
466 2820 569 2904 fuerit
583 2819 673 2882 intra
689 2819 919 2899 quadraginta
936 2821 1009 2884 dies
1027 2822 1175 2901 pretium
1191 2821 1322 2886 reddat.

378 2919 506 2982 Nullus
528 2918 802 2981 constabularius
816 2917 1000 3000 distringat
1018 2920 1168 3002 aliquem
1182 2920 1324 2985 militem

377 3019 421 3082 ad
445 3017 595 3080 dandum
615 3017 774 3080 denarios
792 3037 855 3098 pro
875 3018 1035 3082 custodia
1059 3021 1176 3095 castri,
1195 3021 1225 3083 si
1248 3019 1323 3101 ipse
1337 3030 1378 3086 25

376 3137 450 3181 eam
471 3117 585 3180 facere
608 3116 759 3179 voluerit
777 3115 812 3178 in
836 3117 976 3198 propria
999 3137 1148 3198 persona
1167 3137 1242 3194 sua,
1267 3119 1323 3183 vel

375 3237 436 3298 per
453 3216 557 3279 alium
573 3216 717 3296 probum
735 3208 958 3278 ‘hominem'⁶
983 3217 1013 3279 si
1028 3217 1102 3298 ipse
1118 3237 1194 3280 eam
1211 3218 1324 3281 facere

375 3335 444 3379 non
470 3316 580 3396 possit
605 3321 747 3395 propter
775 3314 1012 3379 rationabilem
1038 3335 1201 3389 causam
1236 3319 1325 3380 etsi

375 3434 439 3477 nos
456 3408 706 3477 ‘duxerimus’⁷
724 3432 803 3476 eum
817 3414 872 3476 vei
887 3415 1078 3478 miserimus
1086 3417 1122 3479 in
1134 3416 1325 3479 exercitum

376 3511 496 3576 ‘erit’⁸
513 3513 649 3594 quietus
664 3511 706 3574 de
721 3513 879 3576 custodia
894 3513 1081 3578 secundum
1094 3516 1325 3597 quantitatem
1340 3524 1379 3581 30

375 3612 539 3692 temporis
557 3630 625 3691 quo
641 3630 779 3691 pernes
799 3611 901 3675 fuerit
922 3614 958 3675 in
980 3614 1136 3677 exercitu
1157 3615 1201 3677 de
1223 3614 1325 3678 feodo

374 3728 437 3789 pro
452 3728 521 3790 quo
537 3709 617 3771 iecit
633 3709 811 3772 servitium
825 3711 862 3773 in
876 3712 1039 3775 exercitu.
1094 3711 1222 3777 Nullus
1235 3713 1327 3778 vice-

375 3826 501 3882 comes,
530 3808 585 3870 vel
614 3807 763 3870 ballivus
793 3819 920 3886 noster,
949 3812 1003 3873 vel
1040 3811 1184 3874 ‘alius'⁹
1208 3813 1326 3894 capiat

409 3973 416 4004 ¹
436 3971 599 4024 ‘coronatos'
895 3975 905 4007 ⁰
923 3978 1065 4028 ‘hominem
1077 3978 1173 4028 iaciat.'

407 4042 418 4074 ²
434 4045 534 4094 ‘omnia
545 4047 612 4094 bona
622 4049 648 4093 et
659 4045 769 4094 catalla!

407 4111 418 4142 ³
433 4115 513 4163 ‘nihil
525 4115 602 4164 inde!

407 4181 417 4208 4
434 4184 525 4244 (ejus)
896 4164 905 4194 ⁸
921 4168 990 4216 ‘sits

407 4249 417 4277 ³
434 4253 548 4312 ‘ipsius'
894 4248 904 4279 ⁹
921 4251 1031 4314 ‘aliquis
1042 4252 1126 4300 alius?

894 4069 904 4100 ⁷
921 4073 1139 4123 ‘adduxerimus'
