3132 4988
389 475 433 540 78
756 484 967 532 canonicos

239 664 355 753 pqoqqgi
389 643 592 725 gavensium
614 650 650 708 et
665 641 847 705 Britonum
864 638 907 703 ad
925 638 1102 721 Pirenaeos
1124 657 1234 721 usque
1248 659 1343 704 mon-

232 740 440 806 -'··'··-'·tes
456 741 607 807 Galliam
620 740 897 822 Hispaniamque
915 739 1123 814 dirimentes,
1133 739 1343 816 extenditur,

389 840 522 905 ratione
538 839 696 924 conjugis
714 839 750 901 in
768 837 865 901 ducis
887 837 1114 901 Normannici
1132 845 1341 918 potestatem

388 940 558 1005 transivit.
611 939 655 1002 In
683 956 752 1019 quo
772 935 919 1018 quidem
943 935 1036 1000 facto
1060 934 1185 999 Franci
1211 936 1342 999 invidia

388 1040 624 1114 tabescebant,
646 1055 716 1100 non
738 1040 853 1100 tamen
874 1033 1040 1115 impedire
1065 1041 1227 1116 poterant
1245 1034 1340 1118 ejus-

388 1138 466 1201 dem
481 1137 578 1201 ducis
594 1141 807 1219 provectum.

360 1307 363 1312 ¹
391 1281 542 1362 Quomodo
564 1281 677 1346 decicit
692 1273 761 1345 Boo
780 1279 926 1365 quosdam
936 1277 1078 1357 Robollos,
1095 1287 1124 1342 et
1138 1287 1246 1362 posteo
1263 1301 1340 1364 pro-

666 1379 746 1443 cidit
761 1379 905 1444 Ecclesia
918 1376 1065 1458 Eboruon.

226 1554 252 1593 r.
263 1553 289 1593 a
300 1554 357 1592 11⁵4.
440 1526 578 1590 Interea
591 1543 655 1588 rex
669 1523 865 1605 Stephanus
880 1524 972 1587 fastu
988 1523 1083 1606 regio
1100 1522 1185 1586 fines
1200 1521 1338 1604 Angliae

224 1604 340 1692 ftissit‘i'
388 1621 610 1700 ‘lustratus,’¹
620 1631 656 1688 et
667 1644 705 1687 se
714 1630 881 1705 tanquam
890 1642 1005 1704 regem
1017 1629 1338 1699 novumostentans,

226 1702 331 1751 ⁸¹¹⁸*sp
389 1723 642 1804 suscipiebatur
651 1721 695 1786 ab
709 1722 879 1798 omnibus,
890 1728 925 1785 et
936 1720 1071 1785 decenti
1082 1719 1338 1801 magnificentia

226 1839 303 1878 nevolt
311 1838 336 1878 ot
388 1822 575 1886 colebatur.
626 1821 778 1886 Veniens
802 1827 918 1884 autem
937 1818 973 1881 in
995 1818 1247 1883 Eboracensem
1261 1838 1338 1901 pro-

225 1888 333 1978 {illuit
387 1921 534 1985 vinciam
565 1920 738 2002 quendam
768 1918 968 2001 Philippum
999 1918 1041 1981 de
1065 1916 1245 1995 Golevilla,
1277 1919 1337 1999 qui

387 2020 611 2085 munitionem
643 2019 881 2094 constituerat,
912 2017 1046 2081 invenit
1068 2017 1241 2093 rebellem,
1267 2017 1335 2080 tre·

386 2125 459 2183 tum
504 2119 636 2183 scilicet
666 2115 820 2202 ejusdem
852 2115 1052 2180 munitionis
1092 2114 1265 2191 firmitate,
1300 2126 1335 2182 et

386 2218 657 2283 commilitonum
673 2236 815 2281 suorum
834 2215 1031 2296 ingentibus
1053 2215 1177 2279 animis
1191 2222 1227 2279 et
1241 2215 1337 2298 copi·

386 2335 448 2380 oso
475 2335 647 2380 armorum
671 2316 893 2396 ciborumque
919 2322 1099 2397 apparatu
1152 2314 1231 2378 Rex
1254 2333 1336 2379 vero

385 2435 430 2478 ex
445 2415 610 2496 proximis
625 2414 811 2496 provinciis
832 2414 986 2477 exercitu
1001 2420 1206 2490 convocato,
1222 2415 1334 2476 muni-

385 2515 515 2578 tionem
538 2512 645 2588 illam,
668 2512 807 2594 objectu
836 2512 998 2589 amnium,
1025 2512 1203 2589 silvarum,
1230 2520 1334 2594 atque

387 2611 551 2695 paludum
569 2612 640 2676 fere
658 2611 940 2688 inaccessibilem,
958 2611 1133 2678 obsidione
1156 2610 1334 2688 conclusit,

387 2719 422 2776 et
449 2712 583 2776 fortiter
611 2717 846 2793 expugnatam
875 2711 912 2774 in
942 2710 1040 2774 brevi
1071 2709 1237 2788 obtinuit3
1261 2718 1336 2775 erat

386 2817 502 2874 autem
526 2817 662 2892 tempus
691 2810 822 2874 messis.
886 2807 955 2873 His
979 2809 1098 2891 itaque
1126 2808 1275 2892 expletis
1301 2819 1336 2875 et

387 2909 464 2972 aliis
486 2927 564 2991 quae
587 2909 727 2973 volebat
746 2928 810 2972 rex
836 2908 874 2970 in
896 2907 1037 2972 civitate
1063 2909 1226 2985 Eburum,
1244 2916 1279 2972 et
1300 2908 1336 2972 in

388 3006 571 3090 adjacente¹
584 3007 772 3089 provincia,
788 3007 833 3070 ed
852 3013 970 3087 partes
987 3007 1157 3072 australes
1177 3026 1335 3072 reversus

223 3142 281 3189 sm,
293 3143 325 3180 o.
388 3112 450 3172 est.
502 3108 550 3173 Et
563 3107 599 3185 in
620 3106 708 3171 festo
730 3105 850 3170 Sancti
865 3105 1047 3171 Michaelis
1064 3126 1143 3170 cum
1166 3106 1335 3188 episcopis

223 3191 375 3282 ffiffissfffl
388 3211 423 3270 et
437 3206 662 3288 optimatibus
688 3213 789 3269 terroe
812 3202 1014 3268 concilium⁹
1041 3203 1229 3268 Londoniis
1244 3204 1334 3268 cele-

388 3306 513 3384 bravit,
535 3312 608 3369 tum
631 3324 694 3387 pro
717 3303 816 3386 regni
836 3302 985 3384 negotiis
1011 3309 1085 3374 tum
1107 3322 1171 3384 pro
1196 3305 1336 3385 negotio

387 3405 544 3468 vacantis
576 3404 731 3468 ecclesiae
760 3403 912 3466 Eborum
943 3421 1006 3483 per
1036 3408 1180 3472 mortem
1218 3402 1337 3467 Sancti

386 3501 578 3568 Willelmi.³
640 3501 787 3567 Evocati
806 3501 914 3581 igitur
935 3500 1083 3584 majores
1105 3499 1257 3583 ejusdem
1280 3521 1335 3565 ec·

409 3781 411 3786 ,
423 3721 430 3752 ¹
447 3719 636 3784 ‘peritissima'
649 3723 705 3772 MS.
718 3723 812 3774 Lansd.
871 3725 935 3776 bert.
950 3757 952 3760 -
971 3724 1013 3774 On
1029 3723 1071 3772 the
1085 3723 1163 3772 death
1173 3723 1203 3773 ol
1210 3723 1337 3773 Thnrstan

421 3789 478 3840 ’Iu
498 3790 549 3840 this
568 3793 667 3841 council
685 3793 727 3842 the
749 3793 849 3842 ancient
872 3793 904 3842 he
923 3809 978 3843 was
996 3793 1132 3855 appointed
1153 3796 1179 3840 to
1201 3793 1244 3842 the
1264 3793 1338 3844 arch-

385 3866 496 3912 cuatoms
507 3861 640 3911 contained
659 3863 685 3910 in
696 3861 738 3910 the
750 3861 848 3910 charter
872 3863 1001 3924 blshopric
1019 3863 1049 3911 oi
1068 3861 1147 3922 York,
1171 3863 1222 3911 and
1250 3877 1337 3912 conse·

385 3931 415 3981 os
423 3932 493 3995 King
505 3930 626 3993 Edward,
643 3931 693 3980 and
709 3931 752 3979 the
769 3931 848 3992 privi-
872 3933 960 3981 crated
979 3933 1049 3993 Sept.
1060 3935 1102 3992 26,
1115 3934 1187 3982 1144.
1223 3931 1256 3980 In
1272 3936 1335 3982 114⁷

384 4002 454 4065 leges
464 4001 493 4050 os
500 4001 645 4063 theclergy,
656 4015 725 4052 were
735 4001 847 4052 revived.
873 4002 904 4051 he
926 4016 981 4050 was
997 4001 1119 4062 deprived
1139 4001 1173 4062 by
1190 4000 1233 4050 the
1256 4001 1338 4064 Pope,

422 4067 602 4120 ³St.William
620 4085 675 4120 was
697 4071 804 4132 nephew
822 4071 851 4119 of
872 4071 923 4119 and
935 4071 1025 4132 Henry
1037 4069 1146 4118 Murdac
1163 4070 1300 4131 appointed
1311 4076 1338 4120 to

386 4139 456 4204 King
468 4141 588 4203 Stephon,
602 4141 678 4203 being
696 4141 739 4189 the
758 4154 804 4190 son
822 4141 852 4189 oi
872 4140 922 4189 the.
934 4155 994 4200 see,
1012 4141 1058 4188 but
1078 4138 1110 4188 he
1128 4139 1208 4202 dying
1226 4141 1253 4186 in
1265 4144 1339 4202 1153,

385 4209 427 4258 hie
444 4211 518 4259 sister
537 4210 627 4258 Emma
648 4211 682 4270 by
701 4211 762 4258 Earl
782 4210 848 4260 Her·
872 4210 985 4272 William
996 4225 1051 4258 was
1068 4209 1188 4259 restored.
1225 4207 1267 4258 He
1278 4209 1339 4260 died
