<?xml version="1.0" encoding="UTF-8"?>
<!DOCTYPE html PUBLIC "-//W3C//DTD XHTML 1.0 Transitional//EN"
    "http://www.w3.org/TR/xhtml1/DTD/xhtml1-transitional.dtd">
<html xmlns="http://www.w3.org/1999/xhtml" xml:lang="en" lang="en">
 <head>
  <title>
</title>
<meta http-equiv="Content-Type" content="text/html;charset=utf-8" />
  <meta name='ocr-system' content='tesseract 3.04.00' />
  <meta name='ocr-capabilities' content='ocr_page ocr_carea ocr_par ocr_line ocrx_word'/>
</head>
<body>
  <div class='ocr_page' id='page_1' title='image "./chronicondomini01hamigoog_0143.png"; bbox 0 0 3116 4990; ppageno 0'>
   <div class='ocr_carea' id='block_1_1' title="bbox 398 481 1142 545">
    <p class='ocr_par' dir='ltr' id='par_1_1' title="bbox 398 481 1142 545">
     <span class='ocr_line' id='line_1_1' title="bbox 398 481 1142 545; baseline 0.011 -8"><span class='ocrx_word' id='word_1_1' title='bbox 398 491 570 538; x_wconf 74' lang='lat' dir='ltr'><strong>wnnrnur</strong></span> <span class='ocrx_word' id='word_1_2' title='bbox 593 493 640 538; x_wconf 84' lang='lat' dir='ltr'><strong>nn</strong></span> <span class='ocrx_word' id='word_1_3' title='bbox 664 494 946 542; x_wconf 84' lang='lat' dir='ltr'><strong>unurucnuncu.</strong></span> <span class='ocrx_word' id='word_1_4' title='bbox 1079 481 1142 545; x_wconf 78' lang='lat'><strong>121</strong></span> 
     </span>
    </p>
   </div>
   <div class='ocr_carea' id='block_1_2' title="bbox 193 645 1308 3417">
    <p class='ocr_par' dir='ltr' id='par_1_2' title="bbox 193 645 1308 928">
     <span class='ocr_line' id='line_1_2' title="bbox 193 645 1290 733; baseline 0.004 -25"><span class='ocrx_word' id='word_1_5' title='bbox 193 645 269 708; x_wconf 91' lang='lat' dir='ltr'><strong>dem</strong></span> <span class='ocrx_word' id='word_1_6' title='bbox 306 667 474 712; x_wconf 86' lang='lat' dir='ltr'><strong>concussa</strong></span> <span class='ocrx_word' id='word_1_7' title='bbox 510 658 592 713; x_wconf 91' lang='lat' dir='ltr'><strong>sunt</strong></span> <span class='ocrx_word' id='word_1_8' title='bbox 625 651 779 729; x_wconf 83' lang='lat' dir='ltr'><strong>viscera3</strong></span> <span class='ocrx_word' id='word_1_9' title='bbox 816 651 877 715; x_wconf 92' lang='lat' dir='ltr'><strong>sed</strong></span> <span class='ocrx_word' id='word_1_10' title='bbox 913 651 1143 733; x_wconf 78' lang='lat' dir='ltr'><strong>allegantibus</strong></span> <span class='ocrx_word' id='word_1_11' title='bbox 1175 671 1250 718; x_wconf 71' lang='lat' dir='ltr'><strong>uem</strong></span> <span class='ocrx_word' id='word_1_12' title='bbox 1259 671 1290 712; x_wconf 89' lang='lat'><strong>11.</strong></span> 
     </span>
     <span class='ocr_line' id='line_1_3' title="bbox 193 722 1308 834; baseline 0.009 -28"><span class='ocrx_word' id='word_1_13' title='bbox 193 745 312 808; x_wconf 88' lang='lat' dir='ltr'><strong>amicis</strong></span> <span class='ocrx_word' id='word_1_14' title='bbox 337 767 406 812; x_wconf 88' lang='lat' dir='ltr'><strong>non</strong></span> <span class='ocrx_word' id='word_1_15' title='bbox 433 767 509 811; x_wconf 88' lang='lat' dir='ltr'><strong>esse</strong></span> <span class='ocrx_word' id='word_1_16' title='bbox 535 749 600 812; x_wconf 86' lang='lat' dir='ltr'><strong>sibi</strong></span> <span class='ocrx_word' id='word_1_17' title='bbox 626 756 740 813; x_wconf 91' lang='lat' dir='ltr'><strong>tutum</strong></span> <span class='ocrx_word' id='word_1_18' title='bbox 762 752 981 833; x_wconf 85' lang='lat' dir='ltr'><strong>nequissimis</strong></span> <span class='ocrx_word' id='word_1_19' title='bbox 1007 751 1143 834; x_wconf 91' lang='lat' dir='ltr'><strong>conspi-</strong></span> <span class='ocrx_word' id='word_1_20' title='bbox 1161 722 1308 786; x_wconf 66' lang='lat' dir='ltr'>Q</span> 
     </span>
     <span class='ocr_line' id='line_1_4' title="bbox 194 845 1144 928; baseline 0.012 -24"><span class='ocrx_word' id='word_1_21' title='bbox 194 845 365 910; x_wconf 90' lang='lat' dir='ltr'><strong>ratoribus</strong></span> <span class='ocrx_word' id='word_1_22' title='bbox 393 848 452 928; x_wconf 93' lang='lat' dir='ltr'><strong>qui</strong></span> <span class='ocrx_word' id='word_1_23' title='bbox 481 847 572 912; x_wconf 90' lang='lat' dir='ltr'><strong>circa</strong></span> <span class='ocrx_word' id='word_1_24' title='bbox 595 847 702 912; x_wconf 90' lang='lat' dir='ltr'><strong>filium</strong></span> <span class='ocrx_word' id='word_1_25' title='bbox 729 857 829 914; x_wconf 89' lang='lat' dir='ltr'><strong>erant</strong></span> <span class='ocrx_word' id='word_1_26' title='bbox 853 870 891 914; x_wconf 88' lang='lat' dir='ltr'><strong>se</strong></span> <span class='ocrx_word' id='word_1_27' title='bbox 920 850 1069 927; x_wconf 87' lang='lat' dir='ltr'><strong>credere,</strong></span> <span class='ocrx_word' id='word_1_28' title='bbox 1099 853 1144 915; x_wconf 90' lang='lat' dir='ltr'><strong>ad</strong></span> 
     </span>
    </p>

    <p class='ocr_par' dir='ltr' id='par_1_3' title="bbox 194 943 1146 1126">
     <span class='ocr_line' id='line_1_5' title="bbox 194 943 1145 1031; baseline 0.009 -26"><span class='ocrx_word' id='word_1_29' title='bbox 194 943 300 1007; x_wconf 89' lang='lat' dir='ltr'><strong>filium</strong></span> <span class='ocrx_word' id='word_1_30' title='bbox 317 965 386 1009; x_wconf 92' lang='lat' dir='ltr'><strong>non</strong></span> <span class='ocrx_word' id='word_1_31' title='bbox 403 947 578 1029; x_wconf 84' lang='lat' dir='ltr'><strong>porrexit;</strong></span> <span class='ocrx_word' id='word_1_32' title='bbox 602 949 664 1012; x_wconf 88' lang='lat' dir='ltr'><strong>sed</strong></span> <span class='ocrx_word' id='word_1_33' title='bbox 687 968 750 1031; x_wconf 92' lang='lat' dir='ltr'><strong>pro</strong></span> <span class='ocrx_word' id='word_1_34' title='bbox 776 950 878 1031; x_wconf 90' lang='lat' dir='ltr'><strong>signo</strong></span> <span class='ocrx_word' id='word_1_35' title='bbox 900 949 1091 1013; x_wconf 86' lang='lat' dir='ltr'><strong>clementiae</strong></span> <span class='ocrx_word' id='word_1_36' title='bbox 1109 961 1145 1014; x_wconf 89' lang='lat' dir='ltr'><strong>et</strong></span> 
     </span>
     <span class='ocr_line' id='line_1_6' title="bbox 194 1041 1146 1126; baseline 0.011 -23"><span class='ocrx_word' id='word_1_37' title='bbox 194 1041 337 1108; x_wconf 85' lang='lat' dir='ltr'><strong>indultae</strong></span> <span class='ocrx_word' id='word_1_38' title='bbox 361 1047 472 1110; x_wconf 86' lang='lat' dir='ltr'><strong>veniae</strong></span> <span class='ocrx_word' id='word_1_39' title='bbox 493 1055 614 1110; x_wconf 92' lang='lat' dir='ltr'><strong>notum</strong></span> <span class='ocrx_word' id='word_1_40' title='bbox 636 1047 687 1110; x_wconf 94' lang='lat' dir='ltr'><strong>illi</strong></span> <span class='ocrx_word' id='word_1_41' title='bbox 710 1048 876 1111; x_wconf 89' lang='lat' dir='ltr'><strong>annulum</strong></span> <span class='ocrx_word' id='word_1_42' title='bbox 898 1049 1050 1126; x_wconf 87' lang='lat' dir='ltr'><strong>mittens,</strong></span> <span class='ocrx_word' id='word_1_43' title='bbox 1073 1069 1146 1113; x_wconf 93' lang='lat' dir='ltr'><strong>om-</strong></span> 
     </span>
    </p>

    <p class='ocr_par' dir='ltr' id='par_1_4' title="bbox 194 1143 1274 1625">
     <span class='ocr_line' id='line_1_7' title="bbox 194 1143 1145 1231; baseline 0.008 -27"><span class='ocrx_word' id='word_1_44' title='bbox 194 1143 253 1206; x_wconf 91' lang='lat' dir='ltr'><strong>nia</strong></span> <span class='ocrx_word' id='word_1_45' title='bbox 267 1143 300 1206; x_wconf 91' lang='lat' dir='ltr'><strong>ei</strong></span> <span class='ocrx_word' id='word_1_46' title='bbox 317 1144 550 1209; x_wconf 81' lang='lat' dir='ltr'><strong>condonavit:</strong></span> <span class='ocrx_word' id='word_1_47' title='bbox 578 1145 658 1228; x_wconf 90' lang='lat' dir='ltr'><strong>‘qui</strong></span> <span class='ocrx_word' id='word_1_48' title='bbox 672 1145 803 1211; x_wconf 87' lang='lat' dir='ltr'><strong>illum&#39;¹</strong></span> <span class='ocrx_word' id='word_1_49' title='bbox 820 1147 1071 1231; x_wconf 70' lang='lat' dir='ltr'><strong>‘susceptum’2</strong></span> <span class='ocrx_word' id='word_1_50' title='bbox 1087 1149 1145 1212; x_wconf 89' lang='lat' dir='ltr'><strong>de-</strong></span> 
     </span>
     <span class='ocr_line' id='line_1_8' title="bbox 194 1244 1145 1330; baseline 0.007 -27"><span class='ocrx_word' id='word_1_51' title='bbox 194 1244 367 1321; x_wconf 73' lang='lat' dir='ltr'><strong>osculare,</strong></span> <span class='ocrx_word' id='word_1_52' title='bbox 411 1245 595 1309; x_wconf 81' lang='lat' dir='ltr'><strong>assistente</strong></span> <span class='ocrx_word' id='word_1_53' title='bbox 635 1245 912 1328; x_wconf 84' lang='lat' dir='ltr'><strong>Burdegalensi³</strong></span> <span class='ocrx_word' id='word_1_54' title='bbox 953 1247 1145 1330; x_wconf 87' lang='lat' dir='ltr'><strong>‘archiepi-</strong></span> 
     </span>
     <span class='ocr_line' id='line_1_9' title="bbox 194 1340 1274 1424; baseline 0.006 -22"><span class='ocrx_word' id='word_1_55' title='bbox 194 1340 345 1424; x_wconf 79' lang='lat' dir='ltr'><strong>scopo,&#39;⁴</strong></span> <span class='ocrx_word' id='word_1_56' title='bbox 357 1343 446 1407; x_wconf 90' lang='lat' dir='ltr'><strong>diem</strong></span> <span class='ocrx_word' id='word_1_57' title='bbox 463 1345 626 1408; x_wconf 91' lang='lat' dir='ltr'><strong>continuo</strong></span> <span class='ocrx_word' id='word_1_58' title='bbox 641 1345 767 1409; x_wconf 89' lang='lat' dir='ltr'><strong>clausit</strong></span> <span class='ocrx_word' id='word_1_59' title='bbox 780 1353 972 1409; x_wconf 84' lang='lat' dir='ltr'><strong>extremum</strong></span> <span class='ocrx_word' id='word_1_60' title='bbox 981 1341 1010 1424; x_wconf 70' lang='lat'><strong>3³</strong></span> <span class='ocrx_word' id='word_1_61' title='bbox 1024 1346 1144 1410; x_wconf 85' lang='lat' dir='ltr'><strong>funus·</strong></span> <span class='ocrx_word' id='word_1_62' title='bbox 1156 1371 1197 1409; x_wconf 71' lang='lat' dir='ltr'><strong>ru.</strong></span> <span class='ocrx_word' id='word_1_63' title='bbox 1206 1371 1274 1409; x_wconf 70' lang='lat' dir='ltr'><strong>surm</strong></span> 
     </span>
     <span class='ocr_line' id='line_1_10' title="bbox 195 1421 1271 1528; baseline 0.008 -26"><span class='ocrx_word' id='word_1_64' title='bbox 195 1459 264 1522; x_wconf 89' lang='lat' dir='ltr'><strong>que</strong></span> <span class='ocrx_word' id='word_1_65' title='bbox 307 1441 350 1505; x_wconf 89' lang='lat' dir='ltr'><strong>ad</strong></span> <span class='ocrx_word' id='word_1_66' title='bbox 387 1450 518 1524; x_wconf 91' lang='lat' dir='ltr'><strong>patrem</strong></span> <span class='ocrx_word' id='word_1_67' title='bbox 556 1442 747 1520; x_wconf 86' lang='lat' dir='ltr'><strong>deducitur,</strong></span> <span class='ocrx_word' id='word_1_68' title='bbox 787 1452 823 1508; x_wconf 89' lang='lat' dir='ltr'><strong>et</strong></span> <span class='ocrx_word' id='word_1_69' title='bbox 856 1443 931 1527; x_wconf 86' lang='lat' dir='ltr'><strong>ejus</strong></span> <span class='ocrx_word' id='word_1_70' title='bbox 969 1454 1143 1528; x_wconf 87' lang='lat' dir='ltr'><strong>praecepto</strong></span> <span class='ocrx_word' id='word_1_71' title='bbox 1156 1421 1271 1460; x_wconf 56' lang='lat' dir='ltr'><strong>&#39;tmen&#39;</strong></span> 
     </span>
     <span class='ocr_line' id='line_1_11' title="bbox 196 1539 1143 1625; baseline 0.007 -23"><span class='ocrx_word' id='word_1_72' title='bbox 196 1539 287 1621; x_wconf 91' lang='lat' dir='ltr'><strong>apud</strong></span> <span class='ocrx_word' id='word_1_73' title='bbox 307 1540 566 1623; x_wconf 89' lang='lat' dir='ltr'><strong>Rothomagum</strong></span> <span class='ocrx_word' id='word_1_74' title='bbox 583 1542 771 1606; x_wconf 88' lang='lat' dir='ltr'><strong>honorifice</strong></span> <span class='ocrx_word' id='word_1_75' title='bbox 795 1543 972 1625; x_wconf 88' lang='lat' dir='ltr'><strong>sepelitur.</strong></span> <span class='ocrx_word' id='word_1_76' title='bbox 1025 1543 1143 1609; x_wconf 88' lang='lat' dir='ltr'><strong>‘Idem</strong></span> 
     </span>
    </p>

    <p class='ocr_par' dir='ltr' id='par_1_5' title="bbox 196 1641 1144 1722">
     <span class='ocr_line' id='line_1_12' title="bbox 196 1641 1144 1722; baseline 0.006 -22"><span class='ocrx_word' id='word_1_77' title='bbox 196 1659 276 1703; x_wconf 88' lang='lat' dir='ltr'><strong>vero</strong></span> <span class='ocrx_word' id='word_1_78' title='bbox 306 1648 404 1722; x_wconf 83' lang='lat' dir='ltr'><strong>pater</strong></span> <span class='ocrx_word' id='word_1_79' title='bbox 435 1641 587 1705; x_wconf 90' lang='lat' dir='ltr'><strong>dolorem</strong></span> <span class='ocrx_word' id='word_1_80' title='bbox 616 1643 764 1706; x_wconf 84' lang='lat' dir='ltr'><strong>extincti</strong></span> <span class='ocrx_word' id='word_1_81' title='bbox 795 1642 858 1706; x_wconf 92' lang='lat' dir='ltr'><strong>filii</strong></span> <span class='ocrx_word' id='word_1_82' title='bbox 883 1663 928 1706; x_wconf 89' lang='lat' dir='ltr'><strong>ex</strong></span> <span class='ocrx_word' id='word_1_83' title='bbox 951 1643 1061 1708; x_wconf 84' lang='lat' dir='ltr'><strong>hostis</strong></span> <span class='ocrx_word' id='word_1_84' title='bbox 1091 1645 1144 1707; x_wconf 93' lang='lat' dir='ltr'><strong>in-</strong></span> 
     </span>
    </p>

    <p class='ocr_par' dir='ltr' id='par_1_6' title="bbox 196 1739 1145 1824">
     <span class='ocr_line' id='line_1_13' title="bbox 196 1739 1145 1824; baseline 0.008 -24"><span class='ocrx_word' id='word_1_85' title='bbox 196 1739 299 1802; x_wconf 90' lang='lat' dir='ltr'><strong>teritu</strong></span> <span class='ocrx_word' id='word_1_86' title='bbox 325 1747 531 1822; x_wconf 85' lang='lat' dir='ltr'><strong>temperans,</strong></span> <span class='ocrx_word' id='word_1_87' title='bbox 555 1742 807 1824; x_wconf 87' lang='lat' dir='ltr'><strong>conspiratores</strong></span> <span class='ocrx_word' id='word_1_88' title='bbox 831 1762 909 1806; x_wconf 93' lang='lat' dir='ltr'><strong>cum</strong></span> <span class='ocrx_word' id='word_1_89' title='bbox 931 1743 1051 1807; x_wconf 89' lang='lat' dir='ltr'><strong>eodem</strong></span> <span class='ocrx_word' id='word_1_90' title='bbox 1073 1743 1145 1808; x_wconf 85' lang='lat' dir='ltr'><strong>lilio</strong></span> 
     </span>
    </p>

    <p class='ocr_par' dir='ltr' id='par_1_7' title="bbox 196 1838 1144 1922">
     <span class='ocr_line' id='line_1_14' title="bbox 196 1838 1144 1922; baseline 0.007 -22"><span class='ocrx_word' id='word_1_91' title='bbox 196 1838 231 1900; x_wconf 90' lang='lat' dir='ltr'><strong>in</strong></span> <span class='ocrx_word' id='word_1_92' title='bbox 261 1841 356 1903; x_wconf 88' lang='lat' dir='ltr'><strong>brevi</strong></span> <span class='ocrx_word' id='word_1_93' title='bbox 384 1841 590 1922; x_wconf 90' lang='lat' dir='ltr'><strong>perdomuit,</strong></span> <span class='ocrx_word' id='word_1_94' title='bbox 615 1849 650 1904; x_wconf 88' lang='lat' dir='ltr'><strong>et</strong></span> <span class='ocrx_word' id='word_1_95' title='bbox 677 1840 884 1905; x_wconf 87' lang='lat' dir='ltr'><strong>Gaufridum</strong></span> <span class='ocrx_word' id='word_1_96' title='bbox 910 1841 1018 1905; x_wconf 90' lang='lat' dir='ltr'><strong>filium</strong></span> <span class='ocrx_word' id='word_1_97' title='bbox 1044 1861 1144 1907; x_wconf 88' lang='lat' dir='ltr'><strong>suum</strong></span> 
     </span>
    </p>

    <p class='ocr_par' dir='ltr' id='par_1_8' title="bbox 196 1937 1145 2023">
     <span class='ocr_line' id='line_1_15' title="bbox 196 1937 1145 2023; baseline 0.006 -25"><span class='ocrx_word' id='word_1_98' title='bbox 196 1937 231 1998; x_wconf 92' lang='lat' dir='ltr'><strong>in</strong></span> <span class='ocrx_word' id='word_1_99' title='bbox 260 1940 408 2020; x_wconf 81' lang='lat' dir='ltr'><strong>gratiam</strong></span> <span class='ocrx_word' id='word_1_100' title='bbox 436 1942 585 2023; x_wconf 86' lang='lat' dir='ltr'><strong>recepit:</strong></span> <span class='ocrx_word' id='word_1_101' title='bbox 614 1940 674 2023; x_wconf 89' lang='lat' dir='ltr'><strong>qui</strong></span> <span class='ocrx_word' id='word_1_102' title='bbox 702 1949 816 2005; x_wconf 91' lang='lat' dir='ltr'><strong>tamen</strong></span> <span class='ocrx_word' id='word_1_103' title='bbox 843 1942 1013 2023; x_wconf 89' lang='lat' dir='ltr'><strong>ingratus,</strong></span> <span class='ocrx_word' id='word_1_104' title='bbox 1035 1940 1145 2006; x_wconf 83' lang='lat' dir='ltr'><strong>bosti-</strong></span> 
     </span>
    </p>

    <p class='ocr_par' dir='ltr' id='par_1_9' title="bbox 198 2037 1146 2222">
     <span class='ocr_line' id='line_1_16' title="bbox 198 2037 1146 2122; baseline 0.005 -23"><span class='ocrx_word' id='word_1_105' title='bbox 198 2037 278 2114; x_wconf 89' lang='lat' dir='ltr'><strong>lcm,</strong></span> <span class='ocrx_word' id='word_1_106' title='bbox 298 2045 338 2101; x_wconf 93' lang='lat' dir='ltr'><strong>ut</strong></span> <span class='ocrx_word' id='word_1_107' title='bbox 352 2047 474 2122; x_wconf 86' lang='lat' dir='ltr'><strong>postea</strong></span> <span class='ocrx_word' id='word_1_108' title='bbox 490 2040 627 2118; x_wconf 90' lang='lat' dir='ltr'><strong>claruit,</strong></span> <span class='ocrx_word' id='word_1_109' title='bbox 644 2061 715 2104; x_wconf 92' lang='lat' dir='ltr'><strong>non</strong></span> <span class='ocrx_word' id='word_1_110' title='bbox 730 2040 828 2104; x_wconf 86' lang='lat' dir='ltr'><strong>exuit</strong></span> <span class='ocrx_word' id='word_1_111' title='bbox 844 2043 1006 2105; x_wconf 89' lang='lat' dir='ltr'><strong>animum.</strong></span> <span class='ocrx_word' id='word_1_112' title='bbox 1053 2041 1146 2104; x_wconf 89' lang='lat' dir='ltr'><strong>Nam</strong></span> 
     </span>
     <span class='ocr_line' id='line_1_17' title="bbox 199 2139 1146 2222; baseline 0.004 -23"><span class='ocrx_word' id='word_1_113' title='bbox 199 2144 352 2220; x_wconf 88' lang='lat' dir='ltr'><strong>tempore</strong></span> <span class='ocrx_word' id='word_1_114' title='bbox 378 2139 512 2204; x_wconf 92' lang='lat' dir='ltr'><strong>modico</strong></span> <span class='ocrx_word' id='word_1_115' title='bbox 539 2141 631 2204; x_wconf 89' lang='lat' dir='ltr'><strong>circa</strong></span> <span class='ocrx_word' id='word_1_116' title='bbox 654 2148 787 2222; x_wconf 87' lang='lat' dir='ltr'><strong>patrem</strong></span> <span class='ocrx_word' id='word_1_117' title='bbox 811 2140 993 2222; x_wconf 88' lang='lat' dir='ltr'><strong>pendulus,</strong></span> <span class='ocrx_word' id='word_1_118' title='bbox 1021 2159 1099 2203; x_wconf 93' lang='lat' dir='ltr'><strong>cum</strong></span> <span class='ocrx_word' id='word_1_119' title='bbox 1125 2160 1146 2203; x_wconf 91' lang='lat' dir='ltr'><strong>a</strong></span> 
     </span>
    </p>

    <p class='ocr_par' dir='ltr' id='par_1_10' title="bbox 199 2236 1145 2320">
     <span class='ocr_line' id='line_1_18' title="bbox 199 2236 1145 2320; baseline 0.004 -22"><span class='ocrx_word' id='word_1_120' title='bbox 199 2245 296 2318; x_wconf 89' lang='lat' dir='ltr'><strong>patre</strong></span> <span class='ocrx_word' id='word_1_121' title='bbox 330 2236 616 2320; x_wconf 86' lang='lat' dir='ltr'><strong>Andegavensem</strong></span> <span class='ocrx_word' id='word_1_122' title='bbox 652 2241 852 2304; x_wconf 87' lang='lat' dir='ltr'><strong>comitatum</strong></span> <span class='ocrx_word' id='word_1_123' title='bbox 885 2239 1040 2304; x_wconf 88' lang='lat' dir='ltr'><strong>obtinere</strong></span> <span class='ocrx_word' id='word_1_124' title='bbox 1077 2260 1145 2304; x_wconf 89' lang='lat' dir='ltr'><strong>uon</strong></span> 
     </span>
    </p>

    <p class='ocr_par' dir='ltr' id='par_1_11' title="bbox 198 2338 1145 2422">
     <span class='ocr_line' id='line_1_19' title="bbox 198 2338 1145 2422; baseline 0.003 -23"><span class='ocrx_word' id='word_1_125' title='bbox 198 2345 327 2418; x_wconf 87' lang='lat' dir='ltr'><strong>posset,</strong></span> <span class='ocrx_word' id='word_1_126' title='bbox 350 2338 393 2402; x_wconf 89' lang='lat' dir='ltr'><strong>ad</strong></span> <span class='ocrx_word' id='word_1_127' title='bbox 421 2340 584 2416; x_wconf 86' lang='lat' dir='ltr'><strong>Francos,</strong></span> <span class='ocrx_word' id='word_1_128' title='bbox 609 2358 697 2421; x_wconf 91' lang='lat' dir='ltr'><strong>quos</strong></span> <span class='ocrx_word' id='word_1_129' title='bbox 724 2347 875 2422; x_wconf 86' lang='lat' dir='ltr'><strong>paternae</strong></span> <span class='ocrx_word' id='word_1_130' title='bbox 901 2340 1022 2420; x_wconf 87' lang='lat' dir='ltr'><strong>gloriae</strong></span> <span class='ocrx_word' id='word_1_131' title='bbox 1040 2359 1145 2403; x_wconf 88' lang='lat' dir='ltr'><strong>aemu-</strong></span> 
     </span>
    </p>

    <p class='ocr_par' dir='ltr' id='par_1_12' title="bbox 196 2435 1147 2622">
     <span class='ocr_line' id='line_1_20' title="bbox 198 2435 1147 2522; baseline 0.004 -24"><span class='ocrx_word' id='word_1_132' title='bbox 198 2435 250 2499; x_wconf 93' lang='lat' dir='ltr'><strong>los</strong></span> <span class='ocrx_word' id='word_1_133' title='bbox 280 2445 435 2515; x_wconf 89' lang='lat' dir='ltr'><strong>noverat,</strong></span> <span class='ocrx_word' id='word_1_134' title='bbox 464 2446 587 2522; x_wconf 90' lang='lat' dir='ltr'><strong>sponte</strong></span> <span class='ocrx_word' id='word_1_135' title='bbox 621 2459 659 2502; x_wconf 89' lang='lat' dir='ltr'><strong>se</strong></span> <span class='ocrx_word' id='word_1_136' title='bbox 694 2440 851 2516; x_wconf 89' lang='lat' dir='ltr'><strong>contulit,</strong></span> <span class='ocrx_word' id='word_1_137' title='bbox 885 2449 1050 2521; x_wconf 88' lang='lat' dir='ltr'><strong>tanquam</strong></span> <span class='ocrx_word' id='word_1_138' title='bbox 1085 2460 1147 2521; x_wconf 90' lang='lat' dir='ltr'><strong>per</strong></span> 
     </span>
     <span class='ocr_line' id='line_1_21' title="bbox 196 2536 1146 2622; baseline 0.003 -23"><span class='ocrx_word' id='word_1_139' title='bbox 196 2536 333 2600; x_wconf 91' lang='lat' dir='ltr'><strong>illorum</strong></span> <span class='ocrx_word' id='word_1_140' title='bbox 354 2540 540 2622; x_wconf 85' lang='lat' dir='ltr'><strong>potentiam</strong></span> <span class='ocrx_word' id='word_1_141' title='bbox 565 2546 768 2603; x_wconf 87' lang='lat' dir='ltr'><strong>extorsurus</strong></span> <span class='ocrx_word' id='word_1_142' title='bbox 791 2538 884 2621; x_wconf 89' lang='lat' dir='ltr'><strong>quod</strong></span> <span class='ocrx_word' id='word_1_143' title='bbox 908 2558 930 2603; x_wconf 89' lang='lat' dir='ltr'><strong>a</strong></span> <span class='ocrx_word' id='word_1_144' title='bbox 955 2550 1055 2621; x_wconf 89' lang='lat' dir='ltr'><strong>patre</strong></span> <span class='ocrx_word' id='word_1_145' title='bbox 1077 2559 1146 2603; x_wconf 88' lang='lat' dir='ltr'><strong>non</strong></span> 
     </span>
    </p>

    <p class='ocr_par' dir='ltr' id='par_1_13' title="bbox 199 2638 1146 2721">
     <span class='ocr_line' id='line_1_22' title="bbox 199 2638 1146 2721; baseline 0.001 -21"><span class='ocrx_word' id='word_1_146' title='bbox 199 2639 312 2718; x_wconf 87' lang='lat' dir='ltr'><strong>potuit</strong></span> <span class='ocrx_word' id='word_1_147' title='bbox 340 2638 516 2703; x_wconf 91' lang='lat' dir='ltr'><strong>blanditiis</strong></span> <span class='ocrx_word' id='word_1_148' title='bbox 546 2639 720 2704; x_wconf 88' lang='lat' dir='ltr'><strong>obtinere:</strong></span> <span class='ocrx_word' id='word_1_149' title='bbox 759 2658 906 2721; x_wconf 90' lang='lat' dir='ltr'><strong>cumque</strong></span> <span class='ocrx_word' id='word_1_150' title='bbox 935 2639 979 2703; x_wconf 91' lang='lat' dir='ltr'><strong>ad</strong></span> <span class='ocrx_word' id='word_1_151' title='bbox 1009 2639 1146 2702; x_wconf 89' lang='lat' dir='ltr'><strong>irritan-</strong></span> 
     </span>
    </p>

    <p class='ocr_par' dir='ltr' id='par_1_14' title="bbox 199 2735 1282 3216">
     <span class='ocr_line' id='line_1_23' title="bbox 199 2735 1282 2820; baseline -0.003 -22"><span class='ocrx_word' id='word_1_152' title='bbox 199 2735 281 2798; x_wconf 92' lang='lat' dir='ltr'><strong>dum</strong></span> <span class='ocrx_word' id='word_1_153' title='bbox 313 2744 446 2819; x_wconf 88' lang='lat' dir='ltr'><strong>patrem</strong></span> <span class='ocrx_word' id='word_1_154' title='bbox 476 2739 548 2820; x_wconf 87' lang='lat' dir='ltr'><strong>regi</strong></span> <span class='ocrx_word' id='word_1_155' title='bbox 588 2739 799 2803; x_wconf 88' lang='lat' dir='ltr'><strong>Francorum</strong></span> <span class='ocrx_word' id='word_1_156' title='bbox 832 2738 953 2802; x_wconf 91' lang='lat' dir='ltr'><strong>sedulo</strong></span> <span class='ocrx_word' id='word_1_157' title='bbox 984 2738 1282 2814; x_wconf 76' lang='lat' dir='ltr'><strong>militans,r.1›.1ns.</strong></span> 
     </span>
     <span class='ocr_line' id='line_1_24' title="bbox 199 2823 1262 2922; baseline 0.003 -24"><span class='ocrx_word' id='word_1_158' title='bbox 199 2837 344 2915; x_wconf 80' lang='lat' dir='ltr'><strong>grandia</strong></span> <span class='ocrx_word' id='word_1_159' title='bbox 373 2837 560 2916; x_wconf 90' lang='lat' dir='ltr'><strong>moliretur,</strong></span> <span class='ocrx_word' id='word_1_160' title='bbox 583 2838 690 2902; x_wconf 89' lang='lat' dir='ltr'><strong>divini</strong></span> <span class='ocrx_word' id='word_1_161' title='bbox 714 2837 837 2922; x_wconf 90' lang='lat' dir='ltr'><strong>judicii</strong></span> <span class='ocrx_word' id='word_1_162' title='bbox 865 2838 1015 2920; x_wconf 88' lang='lat' dir='ltr'><strong>pondere</strong></span> <span class='ocrx_word' id='word_1_163' title='bbox 1045 2823 1262 2913; x_wconf 53' lang='lat' dir='ltr'><strong>obru-ffilff‘</strong></span> 
     </span>
     <span class='ocr_line' id='line_1_25' title="bbox 199 2925 1262 3012; baseline 0.003 -15"><span class='ocrx_word' id='word_1_164' title='bbox 199 2943 268 3012; x_wconf 76' lang='lat' dir='ltr'><strong>tue,</strong></span> <span class='ocrx_word' id='word_1_165' title='bbox 284 2936 476 3001; x_wconf 84' lang='lat' dir='ltr'><strong>molitiones</strong></span> <span class='ocrx_word' id='word_1_166' title='bbox 498 2957 580 3001; x_wconf 88' lang='lat' dir='ltr'><strong>suas</strong></span> <span class='ocrx_word' id='word_1_167' title='bbox 603 2929 802 3001; x_wconf 82' lang='lat' dir='ltr'><strong>‘Parisiis’⁶</strong></span> <span class='ocrx_word' id='word_1_168' title='bbox 824 2957 903 3001; x_wconf 88' lang='lat' dir='ltr'><strong>cum</strong></span> <span class='ocrx_word' id='word_1_169' title='bbox 918 2939 992 3002; x_wconf 86' lang='lat' dir='ltr'><strong>vita</strong></span> <span class='ocrx_word' id='word_1_170' title='bbox 1013 2935 1146 3001; x_wconf 75' lang='lat' dir='ltr'><strong>linivit.⁷</strong></span> <span class='ocrx_word' id='word_1_171' title='bbox 1160 2925 1262 2970; x_wconf 46' lang='grc' dir='ltr'><strong>ΜΨ·</strong></span> 
     </span>
     <span class='ocr_line' id='line_1_26' title="bbox 202 3034 1149 3114; baseline 0.002 -17"><span class='ocrx_word' id='word_1_172' title='bbox 202 3034 318 3099; x_wconf 86' lang='lat' dir='ltr'><strong>Natus</strong></span> <span class='ocrx_word' id='word_1_173' title='bbox 344 3043 398 3099; x_wconf 93' lang='lat' dir='ltr'><strong>est</strong></span> <span class='ocrx_word' id='word_1_174' title='bbox 425 3037 468 3114; x_wconf 89' lang='lat' dir='ltr'><strong>ei,</strong></span> <span class='ocrx_word' id='word_1_175' title='bbox 491 3058 536 3101; x_wconf 81' lang='lat' dir='ltr'><strong>ex</strong></span> <span class='ocrx_word' id='word_1_176' title='bbox 565 3037 754 3101; x_wconf 89' lang='lat' dir='ltr'><strong>Britannici</strong></span> <span class='ocrx_word' id='word_1_177' title='bbox 782 3037 916 3101; x_wconf 90' lang='lat' dir='ltr'><strong>comitis</strong></span> <span class='ocrx_word' id='word_1_178' title='bbox 946 3036 1030 3112; x_wconf 88' lang='lat' dir='ltr'><strong>filia,</strong></span> <span class='ocrx_word' id='word_1_179' title='bbox 1056 3036 1149 3100; x_wconf 90' lang='lat' dir='ltr'><strong>filius</strong></span> 
     </span>
     <span class='ocr_line' id='line_1_27' title="bbox 201 3136 1148 3216; baseline 0.001 -18"><span class='ocrx_word' id='word_1_180' title='bbox 201 3136 424 3216; x_wconf 82' lang='lat' dir='ltr'><strong>posthumus3</strong></span> <span class='ocrx_word' id='word_1_181' title='bbox 448 3137 503 3201; x_wconf 90' lang='lat' dir='ltr'><strong>cui</strong></span> <span class='ocrx_word' id='word_1_182' title='bbox 526 3157 604 3201; x_wconf 90' lang='lat' dir='ltr'><strong>cum</strong></span> <span class='ocrx_word' id='word_1_183' title='bbox 626 3158 687 3201; x_wconf 86' lang='lat' dir='ltr'><strong>rex</strong></span> <span class='ocrx_word' id='word_1_184' title='bbox 712 3157 797 3201; x_wconf 88' lang='lat' dir='ltr'><strong>avus</strong></span> <span class='ocrx_word' id='word_1_185' title='bbox 818 3156 941 3201; x_wconf 91' lang='lat' dir='ltr'><strong>nomen</strong></span> <span class='ocrx_word' id='word_1_186' title='bbox 963 3156 1062 3199; x_wconf 88' lang='lat' dir='ltr'><strong>suum</strong></span> <span class='ocrx_word' id='word_1_187' title='bbox 1085 3137 1148 3199; x_wconf 92' lang='lat' dir='ltr'><strong>im-</strong></span> 
     </span>
    </p>

    <p class='ocr_par' dir='ltr' id='par_1_15' title="bbox 201 3235 1149 3318">
     <span class='ocr_line' id='line_1_28' title="bbox 201 3235 1149 3318; baseline 0.001 -22"><span class='ocrx_word' id='word_1_188' title='bbox 201 3235 283 3316; x_wconf 93' lang='lat' dir='ltr'><strong>poni</strong></span> <span class='ocrx_word' id='word_1_189' title='bbox 308 3235 481 3318; x_wconf 86' lang='lat' dir='ltr'><strong>jussisset,</strong></span> <span class='ocrx_word' id='word_1_190' title='bbox 506 3236 755 3301; x_wconf 86' lang='lat' dir='ltr'><strong>contradictum</strong></span> <span class='ocrx_word' id='word_1_191' title='bbox 786 3246 841 3300; x_wconf 89' lang='lat' dir='ltr'><strong>est</strong></span> <span class='ocrx_word' id='word_1_192' title='bbox 875 3255 896 3298; x_wconf 88' lang='lat' dir='ltr'><strong>a</strong></span> <span class='ocrx_word' id='word_1_193' title='bbox 925 3235 1149 3311; x_wconf 86' lang='lat' dir='ltr'><strong>Britannicis,</strong></span> 
     </span>
    </p>

    <p class='ocr_par' dir='ltr' id='par_1_16' title="bbox 198 3332 1258 3417">
     <span class='ocr_line' id='line_1_29' title="bbox 198 3332 1258 3417; baseline 0.002 -21"><span class='ocrx_word' id='word_1_194' title='bbox 198 3341 237 3397; x_wconf 87' lang='lat' dir='ltr'><strong>et</strong></span> <span class='ocrx_word' id='word_1_195' title='bbox 253 3334 396 3399; x_wconf 90' lang='lat' dir='ltr'><strong>solemni</strong></span> <span class='ocrx_word' id='word_1_196' title='bbox 417 3336 666 3401; x_wconf 88' lang='lat' dir='ltr'><strong>acclamatione</strong></span> <span class='ocrx_word' id='word_1_197' title='bbox 686 3337 721 3399; x_wconf 92' lang='lat' dir='ltr'><strong>iu</strong></span> <span class='ocrx_word' id='word_1_198' title='bbox 744 3355 843 3400; x_wconf 90' lang='lat' dir='ltr'><strong>sacro</strong></span> <span class='ocrx_word' id='word_1_199' title='bbox 860 3335 1066 3417; x_wconf 88' lang='lat' dir='ltr'><strong>baptismate</strong></span> <span class='ocrx_word' id='word_1_200' title='bbox 1081 3332 1149 3397; x_wconf 89' lang='lat' dir='ltr'><strong>Ar·</strong></span> <span class='ocrx_word' id='word_1_201' title='bbox 1163 3371 1258 3410; x_wconf 65' lang='lat' dir='ltr'><strong>nram</strong></span> 
     </span>
    </p>
   </div>
   <div class='ocr_carea' id='block_1_3' title="bbox 1162 3421 1238 3460">
    <p class='ocr_par' dir='ltr' id='par_1_17' title="bbox 1162 3421 1238 3460">
     <span class='ocr_line' id='line_1_30' title="bbox 1162 3421 1238 3460; baseline -0.026 0"><span class='ocrx_word' id='word_1_202' title='bbox 1162 3421 1238 3460; x_wconf 80' lang='lat' dir='ltr'><strong>Prlno&#39;e</strong></span> 
     </span>
    </p>
   </div>
   <div class='ocr_carea' id='block_1_4' title="bbox 198 3433 1250 3518">
    <p class='ocr_par' dir='ltr' id='par_1_18' title="bbox 198 3433 1250 3518">
     <span class='ocr_line' id='line_1_31' title="bbox 198 3433 1250 3518; baseline -0.003 -18"><span class='ocrx_word' id='word_1_203' title='bbox 198 3433 324 3500; x_wconf 85' lang='lat' dir='ltr'><strong>thurus</strong></span> <span class='ocrx_word' id='word_1_204' title='bbox 340 3444 392 3499; x_wconf 87' lang='lat' dir='ltr'><strong>est</strong></span> <span class='ocrx_word' id='word_1_205' title='bbox 414 3434 554 3501; x_wconf 79' lang='lat' dir='ltr'><strong>dictus.⁸</strong></span> <span class='ocrx_word' id='word_1_206' title='bbox 598 3437 722 3518; x_wconf 89' lang='lat' dir='ltr'><strong>Sicque</strong></span> <span class='ocrx_word' id='word_1_207' title='bbox 746 3434 919 3510; x_wconf 87' lang='lat' dir='ltr'><strong>Britones,</strong></span> <span class='ocrx_word' id='word_1_208' title='bbox 936 3433 995 3515; x_wconf 94' lang='lat' dir='ltr'><strong>qui</strong></span> <span class='ocrx_word' id='word_1_209' title='bbox 1016 3433 1075 3496; x_wconf 93' lang='lat' dir='ltr'><strong>diu</strong></span> <span class='ocrx_word' id='word_1_210' title='bbox 1097 3433 1149 3496; x_wconf 88' lang='lat' dir='ltr'><strong>fa·</strong></span> <span class='ocrx_word' id='word_1_211' title='bbox 1162 3471 1250 3512; x_wconf 57' lang='lat' dir='ltr'><strong>mu,</strong></span> 
     </span>
    </p>
   </div>
   <div class='ocr_carea' id='block_1_5' title="bbox 203 3639 1192 4261">
    <p class='ocr_par' dir='ltr' id='par_1_19' title="bbox 240 3639 1153 3705">
     <span class='ocr_line' id='line_1_32' title="bbox 240 3639 1153 3705; baseline 0.001 -15"><span class='ocrx_word' id='word_1_212' title='bbox 240 3643 273 3673; x_wconf 91' lang='lat'><strong>¹‘</strong></span> <span class='ocrx_word' id='word_1_213' title='bbox 285 3657 359 3704; x_wconf 86' lang='lat' dir='ltr'><strong>quem</strong></span> <span class='ocrx_word' id='word_1_214' title='bbox 371 3639 432 3705; x_wconf 87' lang='lat' dir='ltr'><strong>ille‚’</strong></span> <span class='ocrx_word' id='word_1_215' title='bbox 445 3643 503 3692; x_wconf 91' lang='lat' dir='ltr'><strong>MS.</strong></span> <span class='ocrx_word' id='word_1_216' title='bbox 516 3642 611 3691; x_wconf 85' lang='lat' dir='ltr'><strong>Lausd.</strong></span> <span class='ocrx_word' id='word_1_217' title='bbox 689 3641 774 3690; x_wconf 85' lang='lat' dir='ltr'><strong>where</strong></span> <span class='ocrx_word' id='word_1_218' title='bbox 799 3641 831 3690; x_wconf 86' lang='lat' dir='ltr'><strong>he</strong></span> <span class='ocrx_word' id='word_1_219' title='bbox 860 3641 930 3704; x_wconf 91' lang='lat' dir='ltr'><strong>died,</strong></span> <span class='ocrx_word' id='word_1_220' title='bbox 957 3657 989 3692; x_wconf 93' lang='lat' dir='ltr'><strong>on</strong></span> <span class='ocrx_word' id='word_1_221' title='bbox 1017 3642 1153 3705; x_wconf 82' lang='lat' dir='ltr'><strong>Saturday,</strong></span> 
     </span>
    </p>

    <p class='ocr_par' dir='ltr' id='par_1_20' title="bbox 203 3709 1082 3843">
     <span class='ocr_line' id='line_1_33' title="bbox 238 3709 810 3774; baseline -0.002 -13"><span class='ocrx_word' id='word_1_222' title='bbox 238 3713 272 3744; x_wconf 60' lang='grc' dir='ltr'>Η</span> <span class='ocrx_word' id='word_1_223' title='bbox 292 3709 463 3774; x_wconf 86' lang='lat' dir='ltr'><strong>conceptum,’</strong></span> <span class='ocrx_word' id='word_1_224' title='bbox 491 3712 568 3761; x_wconf 87' lang='lat' dir='ltr'><strong>MSS.</strong></span> <span class='ocrx_word' id='word_1_225' title='bbox 597 3712 663 3761; x_wconf 84' lang='lat' dir='ltr'><strong>coll.</strong></span> <span class='ocrx_word' id='word_1_226' title='bbox 689 3713 757 3762; x_wconf 88' lang='lat' dir='ltr'><strong>June</strong></span> <span class='ocrx_word' id='word_1_227' title='bbox 771 3715 810 3760; x_wconf 91' lang='lat' dir='ltr'><strong>ll.</strong></span> 
     </span>
     <span class='ocr_line' id='line_1_34' title="bbox 203 3777 1082 3843; baseline 0 -12"><span class='ocrx_word' id='word_1_228' title='bbox 203 3784 275 3832; x_wconf 80' lang='lat' dir='ltr'><strong>Arm.</strong></span> <span class='ocrx_word' id='word_1_229' title='bbox 287 3782 337 3831; x_wconf 85' lang='lat' dir='ltr'><strong>aud</strong></span> <span class='ocrx_word' id='word_1_230' title='bbox 349 3782 416 3831; x_wconf 86' lang='lat' dir='ltr'><strong>Gott.</strong></span> <span class='ocrx_word' id='word_1_231' title='bbox 427 3783 483 3832; x_wconf 89' lang='lat' dir='ltr'><strong>Tib.</strong></span> <span class='ocrx_word' id='word_1_232' title='bbox 725 3777 736 3809; x_wconf 85' lang='lat'><strong>⁶</strong></span> <span class='ocrx_word' id='word_1_233' title='bbox 751 3783 758 3808; x_wconf 91' lang='lat'>‘</span> <span class='ocrx_word' id='word_1_234' title='bbox 769 3782 904 3843; x_wconf 70' lang='lat' dir='ltr'><strong>Parisios:</strong></span> <span class='ocrx_word' id='word_1_235' title='bbox 916 3783 974 3831; x_wconf 92' lang='lat' dir='ltr'><strong>MS.</strong></span> <span class='ocrx_word' id='word_1_236' title='bbox 987 3781 1082 3831; x_wconf 82' lang='lat' dir='ltr'><strong>Lansd.</strong></span> 
     </span>
    </p>

    <p class='ocr_par' dir='ltr' id='par_1_21' title="bbox 204 3846 1192 4051">
     <span class='ocr_line' id='line_1_35' title="bbox 238 3846 1153 3915; baseline -0.002 -16"><span class='ocrx_word' id='word_1_237' title='bbox 238 3849 250 3879; x_wconf 83' lang='lat'>⁸</span> <span class='ocrx_word' id='word_1_238' title='bbox 264 3852 387 3915; x_wconf 81' lang='lat' dir='ltr'><strong>william,</strong></span> <span class='ocrx_word' id='word_1_239' title='bbox 396 3852 531 3901; x_wconf 84' lang='lat' dir='ltr'><strong>surnamed</strong></span> <span class='ocrx_word' id='word_1_240' title='bbox 543 3853 586 3901; x_wconf 83' lang='lat' dir='ltr'><strong>the</strong></span> <span class='ocrx_word' id='word_1_241' title='bbox 592 3853 666 3900; x_wconf 84' lang='lat' dir='ltr'><strong>Tem·</strong></span> <span class='ocrx_word' id='word_1_242' title='bbox 725 3846 736 3884; x_wconf 81' lang='lat'>⁷</span> <span class='ocrx_word' id='word_1_243' title='bbox 752 3852 845 3900; x_wconf 90' lang='lat' dir='ltr'><strong>Prince</strong></span> <span class='ocrx_word' id='word_1_244' title='bbox 865 3851 985 3912; x_wconf 82' lang='lat' dir='ltr'><strong>Geoffrey</strong></span> <span class='ocrx_word' id='word_1_245' title='bbox 996 3867 1051 3900; x_wconf 84' lang='lat' dir='ltr'><strong>was</strong></span> <span class='ocrx_word' id='word_1_246' title='bbox 1071 3850 1153 3898; x_wconf 86' lang='lat' dir='ltr'><strong>killed</strong></span> 
     </span>
     <span class='ocr_line' id='line_1_36' title="bbox 204 3918 1152 3984; baseline -0.003 -15"><span class='ocrx_word' id='word_1_247' title='bbox 204 3921 271 3983; x_wconf 89' lang='lat' dir='ltr'><strong>plar,</strong></span> <span class='ocrx_word' id='word_1_248' title='bbox 290 3921 450 3984; x_wconf 83' lang='lat' dir='ltr'><strong>Archbishop</strong></span> <span class='ocrx_word' id='word_1_249' title='bbox 470 3923 499 3971; x_wconf 85' lang='lat' dir='ltr'><strong>of</strong></span> <span class='ocrx_word' id='word_1_250' title='bbox 519 3918 667 3984; x_wconf 85' lang='lat' dir='ltr'><strong>Bordeaux,</strong></span> <span class='ocrx_word' id='word_1_251' title='bbox 690 3921 716 3968; x_wconf 92' lang='lat' dir='ltr'><strong>in</strong></span> <span class='ocrx_word' id='word_1_252' title='bbox 735 3934 751 3967; x_wconf 91' lang='lat' dir='ltr'><strong>a</strong></span> <span class='ocrx_word' id='word_1_253' title='bbox 770 3925 928 3969; x_wconf 88' lang='lat' dir='ltr'><strong>tournament</strong></span> <span class='ocrx_word' id='word_1_254' title='bbox 949 3927 976 3968; x_wconf 92' lang='lat' dir='ltr'><strong>at</strong></span> <span class='ocrx_word' id='word_1_255' title='bbox 996 3920 1038 3968; x_wconf 86' lang='lat' dir='ltr'><strong>tho</strong></span> <span class='ocrx_word' id='word_1_256' title='bbox 1054 3918 1152 3967; x_wconf 84' lang='lat' dir='ltr'><strong>French</strong></span> 
     </span>
     <span class='ocr_line' id='line_1_37' title="bbox 205 3989 1192 4051; baseline -0.005 -11"><span class='ocrx_word' id='word_1_257' title='bbox 205 3989 302 4040; x_wconf 86' lang='lat' dir='ltr'><strong>elected</strong></span> <span class='ocrx_word' id='word_1_258' title='bbox 314 3995 387 4040; x_wconf 80' lang='lat' dir='ltr'><strong>uta.</strong></span> <span class='ocrx_word' id='word_1_259' title='bbox 691 3990 875 4050; x_wconf 79' lang='lat' dir='ltr'><strong>court,&#39;l&#39;uesd.</strong></span> <span class='ocrx_word' id='word_1_260' title='bbox 885 3992 954 4051; x_wconf 86' lang='lat' dir='ltr'><strong>Aug.</strong></span> <span class='ocrx_word' id='word_1_261' title='bbox 965 3993 1091 4050; x_wconf 65' lang='lat' dir='ltr'><strong>ratleo,</strong></span> <span class='ocrx_word' id='word_1_262' title='bbox 1103 3989 1153 4035; x_wconf 91' lang='lat' dir='ltr'><strong>and</strong></span> <span class='ocrx_word' id='word_1_263' title='bbox 1185 4005 1192 4020; x_wconf 86' lang='grc'><em>·</em></span> 
     </span>
    </p>

    <p class='ocr_par' dir='ltr' id='par_1_22' title="bbox 205 4057 1154 4189">
     <span class='ocr_line' id='line_1_38' title="bbox 241 4057 1154 4123; baseline -0.007 -13"><span class='ocrx_word' id='word_1_264' title='bbox 241 4060 251 4090; x_wconf 90' lang='lat'><strong>⁴</strong></span> <span class='ocrx_word' id='word_1_265' title='bbox 267 4063 275 4089; x_wconf 82' lang='lat'>‘</span> <span class='ocrx_word' id='word_1_266' title='bbox 287 4057 425 4123; x_wconf 86' lang='lat' dir='ltr'><strong>episcopo‚’</strong></span> <span class='ocrx_word' id='word_1_267' title='bbox 435 4059 667 4110; x_wconf 66' lang='lat' dir='ltr'><strong>russeolam.</strong></span> <span class='ocrx_word' id='word_1_268' title='bbox 692 4059 782 4108; x_wconf 86' lang='lat' dir='ltr'><strong>buried</strong></span> <span class='ocrx_word' id='word_1_269' title='bbox 791 4058 854 4106; x_wconf 85' lang='lat' dir='ltr'><strong>with</strong></span> <span class='ocrx_word' id='word_1_270' title='bbox 862 4063 933 4119; x_wconf 87' lang='lat' dir='ltr'><strong>great</strong></span> <span class='ocrx_word' id='word_1_271' title='bbox 944 4073 1019 4118; x_wconf 89' lang='lat' dir='ltr'><strong>pomp</strong></span> <span class='ocrx_word' id='word_1_272' title='bbox 1032 4063 1058 4104; x_wconf 88' lang='lat' dir='ltr'><strong>at</strong></span> <span class='ocrx_word' id='word_1_273' title='bbox 1071 4058 1154 4118; x_wconf 82' lang='lat' dir='ltr'><strong>Paris,</strong></span> 
     </span>
     <span class='ocr_line' id='line_1_39' title="bbox 205 4127 1154 4189; baseline -0.005 -10"><span class='ocrx_word' id='word_1_274' title='bbox 205 4131 255 4179; x_wconf 94' lang='lat' dir='ltr'><strong>and</strong></span> <span class='ocrx_word' id='word_1_275' title='bbox 267 4131 334 4180; x_wconf 87' lang='lat' dir='ltr'><strong>cott.</strong></span> <span class='ocrx_word' id='word_1_276' title='bbox 346 4132 403 4181; x_wconf 90' lang='lat' dir='ltr'><strong>Tib.</strong></span> <span class='ocrx_word' id='word_1_277' title='bbox 693 4129 717 4176; x_wconf 90' lang='lat' dir='ltr'><strong>iu</strong></span> <span class='ocrx_word' id='word_1_278' title='bbox 737 4127 779 4175; x_wconf 83' lang='lat' dir='ltr'><strong>the</strong></span> <span class='ocrx_word' id='word_1_279' title='bbox 797 4127 891 4176; x_wconf 86' lang='lat' dir='ltr'><strong>clrurch</strong></span> <span class='ocrx_word' id='word_1_280' title='bbox 910 4128 939 4175; x_wconf 82' lang='lat' dir='ltr'><strong>ol</strong></span> <span class='ocrx_word' id='word_1_281' title='bbox 960 4128 1039 4176; x_wconf 88' lang='lat' dir='ltr'><strong>Notre</strong></span> <span class='ocrx_word' id='word_1_282' title='bbox 1062 4127 1154 4189; x_wconf 84' lang='lat' dir='ltr'><strong>Darne,</strong></span> 
     </span>
    </p>

    <p class='ocr_par' dir='ltr' id='par_1_23' title="bbox 240 4196 994 4261">
     <span class='ocr_line' id='line_1_40' title="bbox 240 4196 994 4261; baseline -0.003 -13"><span class='ocrx_word' id='word_1_283' title='bbox 240 4198 251 4227; x_wconf 73' lang='lat'>³</span> <span class='ocrx_word' id='word_1_284' title='bbox 274 4201 366 4250; x_wconf 89' lang='lat' dir='ltr'><strong>Prince</strong></span> <span class='ocrx_word' id='word_1_285' title='bbox 385 4201 473 4261; x_wconf 85' lang='lat' dir='ltr'><strong>Henry</strong></span> <span class='ocrx_word' id='word_1_286' title='bbox 497 4200 540 4248; x_wconf 89' lang='lat' dir='ltr'><strong>lell</strong></span> <span class='ocrx_word' id='word_1_287' title='bbox 563 4199 618 4248; x_wconf 81' lang='lat' dir='ltr'><strong>aick</strong></span> <span class='ocrx_word' id='word_1_288' title='bbox 643 4203 670 4246; x_wconf 86' lang='lat' dir='ltr'><strong>at</strong></span> <span class='ocrx_word' id='word_1_289' title='bbox 693 4196 774 4246; x_wconf 89' lang='lat' dir='ltr'><strong>under</strong></span> <span class='ocrx_word' id='word_1_290' title='bbox 785 4197 827 4244; x_wconf 88' lang='lat' dir='ltr'><strong>tbe</strong></span> <span class='ocrx_word' id='word_1_291' title='bbox 839 4201 911 4258; x_wconf 86' lang='lat' dir='ltr'><strong>great</strong></span> <span class='ocrx_word' id='word_1_292' title='bbox 921 4197 994 4246; x_wconf 85' lang='lat' dir='ltr'><strong>altar.</strong></span> 
     </span>
    </p>
   </div>
   <div class='ocr_carea' id='block_1_6' title="bbox 205 4263 1156 4333">
    <p class='ocr_par' dir='ltr' id='par_1_24' title="bbox 205 4263 1156 4333">
     <span class='ocr_line' id='line_1_41' title="bbox 205 4263 1156 4333; baseline -0.003 -14"><span class='ocrx_word' id='word_1_293' title='bbox 205 4268 438 4333; x_wconf 73' lang='lat' dir='ltr'><strong>canaan-Manet,</strong></span> <span class='ocrx_word' id='word_1_294' title='bbox 460 4284 521 4319; x_wconf 84' lang='lat' dir='ltr'><strong>naar</strong></span> <span class='ocrx_word' id='word_1_295' title='bbox 543 4270 669 4330; x_wconf 83' lang='lat' dir='ltr'><strong>Limoges,</strong></span> <span class='ocrx_word' id='word_1_296' title='bbox 727 4263 738 4293; x_wconf 76' lang='lat'>⁸</span> <span class='ocrx_word' id='word_1_297' title='bbox 765 4265 857 4315; x_wconf 89' lang='lat' dir='ltr'><strong>Prince</strong></span> <span class='ocrx_word' id='word_1_298' title='bbox 880 4266 976 4316; x_wconf 82' lang='lat' dir='ltr'><strong>Artbur</strong></span> <span class='ocrx_word' id='word_1_299' title='bbox 1009 4281 1063 4316; x_wconf 85' lang='lat' dir='ltr'><strong>was</strong></span> <span class='ocrx_word' id='word_1_300' title='bbox 1094 4263 1156 4316; x_wconf 88' lang='lat' dir='ltr'><strong>born</strong></span> 
     </span>
    </p>
   </div>
   <div class='ocr_carea' id='block_1_7' title="bbox 0 0 1581 4990">
    <p class='ocr_par' dir='ltr' id='par_1_25' title="bbox 0 0 1581 4990">
     <span class='ocr_line' id='line_1_42' title="bbox 0 0 1581 4990; baseline 0 0"><span class='ocrx_word' id='word_1_301' title='bbox 0 0 1581 4990; x_wconf 95' lang='lat' dir='ltr'><strong> </strong></span> 
     </span>
    </p>
   </div>
  </div>
 </body>
</html>
