3132 4988
244 649 320 696 fleury
328 647 372 687 111.

244 701 271 736 A.
278 698 306 736 l).
316 699 371 736 1²65.

394 460 460 524 320
756 472 966 520 cunorucon

393 633 479 694 bant
497 630 614 711 plures
633 625 713 690 inde
735 646 837 708 posse
859 627 1009 690 deterius
1031 627 1189 706 evenire;
1214 635 1348 691 motus-

393 749 461 810 que
474 747 589 792 comes
603 727 696 790 misit
712 726 757 788 ad
771 732 906 807 patrem
923 744 1042 788 eorum
1057 727 1216 788 comitem
1234 726 1347 790 Simo-

394 847 484 904 nem,
507 833 541 890 et
567 826 668 907 petiit
693 825 759 888 sibi
787 825 878 887 mitti
899 825 1053 903 insignes
1077 826 1235 906 captivos
1258 843 1346 905 quos

394 927 468 1007 ipse
491 931 630 1006 ceperat
651 925 688 986 in
713 922 804 985 bello
829 922 871 986 de
898 922 1029 998 Lewes,
1054 924 1146 985 inter
1169 940 1256 1003 quos
1282 944 1346 987 rex

396 1023 610 1088 Alamanniae
633 1021 876 1084 nominabatur
897 1022 1049 1101 primus;
1078 1027 1115 1083 at
1131 1021 1190 1083 ille
1212 1041 1348 1084 reman-

394 1123 481 1186 dans
498 1120 675 1202 respondit
690 1120 755 1182 sibi
771 1119 926 1182 sufficere
938 1119 1066 1194 ,debere
1081 1119 1174 1199 quod
1190 1121 1221 1182 ei
1236 1127 1347 1182 terras

395 1221 594 1284 salvaverat
615 1219 745 1299 inipso
762 1219 817 1280 die
834 1217 927 1294 belli,
951 1217 1063 1280 noluit
1086 1237 1169 1298 ergo
1187 1218 1343 1292 mittere;

395 1320 456 1384 sed
480 1317 663 1382 nobiliores
681 1318 834 1382 servavit
855 1318 890 1379 in
908 1324 1023 1380 castro
1041 1316 1240 1391 Deverniae,
1257 1316 1347 1380 inter

395 1435 483 1498 quos
503 1416 568 1480 fuit
591 1416 664 1497 ipsc
684 1415 867 1497 Philippus
885 1415 1024 1489 Basset,
1042 1415 1102 1495 qui
1128 1414 1163 1476 iu
1182 1415 1345 1478 conflictu

398 1513 648 1579 Norbamtonae
664 1533 799 1576 murum
821 1513 1032 1588 consederat,
1056 1519 1096 1575 ut
1113 1531 1219 1593 supra
1236 1515 1347 1577 conti-
1431 1573 1434 1577 .

396 1621 507 1677 netur.
578 1612 784 1692 Indignatus
826 1631 909 1692 erga
949 1631 1063 1675 comes
1105 1609 1346 1689 Glaucestriae‚

397 1719 541 1792 accepto
572 1730 749 1792 responso,
777 1711 871 1772 misit
901 1711 1065 1774 continuo
1095 1710 1140 1772 ad
1170 1710 1346 1774 dominum

399 1811 577 1891 Rogerum
609 1809 652 1871 de
681 1808 863 1872 Mortimer
888 1809 947 1889 qui
974 1811 1065 1890 parti
1092 1809 1185 1888 regis
1211 1829 1346 1891 semper

398 1910 529 1990 absque
550 1909 739 1974 mutatione
755 1907 959 1983 adhaeserat,
977 1908 1070 1988 quod
1087 1915 1207 1971 mutuo
1227 1908 1346 1989 loque·

399 2015 519 2070 rentur
545 2007 613 2070 sibi
638 2025 702 2088 pro
732 2006 883 2069 utilitate
911 2007 1002 2087 regis
1030 2013 1066 2069 et
1094 2007 1203 2086 regni,
1227 2013 1264 2069 at
1288 2007 1347 2070 ille

399 2107 525 2169 timens
550 2125 593 2170 ne
617 2106 706 2168 sorte
726 2124 805 2168 vere
826 2102 936 2167 fidelis
960 2112 1050 2169 essct
1073 2105 1173 2186 petiit
1193 2104 1347 2169 obsidem

399 2211 434 2267 et
452 2204 619 2269 obtinuit:
643 2203 924 2266 convenientibus
944 2204 1082 2266 tandem
1105 2202 1189 2285 ipsis
1208 2203 1300 2269 dixit
1316 2205 1347 2266 ei

398 2321 514 2366 comes
536 2303 653 2366 omnia
672 2321 751 2383 quae
773 2300 866 2365 sacta
888 2310 982 2377 sunt,
1002 2310 1038 2364 et
1064 2301 1156 2383 quod
1183 2303 1347 2381 paenituit

398 2420 477 2464 eum
491 2419 654 2483 peccasse
668 2401 704 2462 in
717 2419 832 2479 regem
848 2408 883 2464 et
897 2401 1030 2481 peccati
1045 2400 1216 2463 maculam
1233 2400 1347 2464 delere

398 2499 488 2564 velle
512 2499 547 2562 in
575 2498 776 2562 liberatione
803 2499 911 2579 ipsius
938 2518 1001 2580 pro
1025 2516 1146 2579 posse3
1180 2499 1348 2563 miserunt

399 2618 483 2679 ergo
497 2605 630 2663 secreto
647 2596 691 2660 ad
713 2596 906 2660 Robertum
924 2595 1065 2659 fratrem
1087 2597 1195 2678 ipsius
1212 2597 1348 2662 comitis

401 2696 630 2761 Glouccstriae
653 2697 712 2777 qui
738 2715 815 2759 cum
839 2695 964 2759 comite
982 2694 1119 2758 Simone
1136 2696 1347 2771 morabatur,

399 2802 435 2857 et
458 2796 547 2857 inter
571 2795 700 2875 primos
727 2794 837 2874 ipsius
867 2813 1014 2873 magnus
1037 2794 1230 2870 tenebatur,
1262 2813 1348 2875 quo-

399 2892 502 2955 modo
521 2892 701 2953 unanimes
724 2891 836 2954 effecti
859 2898 952 2967 sunt,
975 2899 1010 2954 et
1034 2892 1128 2972 quod
1153 2892 1198 2954 ad
1221 2893 1346 2955 libera-

399 2990 524 3053 tionem
548 2988 609 3051 filii
633 2988 725 3068 regis
749 2990 886 3052 cautius
907 2990 1053 3053 instaret
1078 3009 1156 3053 cum
1181 2990 1225 3056 ad
1249 2991 1284 3053 id
1310 3010 1348 3053 se

399 3088 536 3155 offerret
558 3095 755 3170 opportuna
779 3088 950 3151 facultas:
980 3088 1141 3170 misitque
1163 3089 1348 3169 praedictus

401 3186 562 3267 Rogerus
594 3186 637 3249 de
671 3185 853 3250 Mortimer
884 3186 927 3249 ad
960 3185 1069 3252 filium
1100 3187 1191 3267 regis
1223 3206 1349 3269 equum

400 3286 567 3366 optimum
585 3293 621 3348 et
642 3304 815 3348 cursorem
835 3285 1087 3349 velocissimum
1104 3286 1139 3347 in
1157 3305 1227 3366 quo
1242 3285 1350 3349 confi-

400 3382 482 3447 dere
494 3390 613 3465 posset
629 3403 707 3446 curn
725 3384 791 3445 sibi
803 3383 935 3447 videret
951 3391 1088 3466 tempus
1104 3391 1350 3465 opportunum.

401 3481 537 3559 Quibus
572 3482 721 3562 cognitis
755 3482 855 3562 petiit
891 3481 1099 3546 Edwardus¹
1129 3483 1172 3546 de
1206 3483 1350 3546 consilio

436 3767 443 3795 ¹
462 3769 494 3816 In
510 3783 526 3817 a
546 3770 697 3828 parliament
716 3770 863 3817 summoned
888 3770 963 3819 earl’s
973 3766 1065 3834 banda)
1077 3770 1126 3818 and
1139 3770 1205 3830 obey
1215 3769 1267 3816 bim
1279 3771 1306 3816 in
1317 3770 1353 3818 all

400 3839 436 3898 by
451 3838 494 3886 tbe
511 3837 573 3884 Earl
589 3837 618 3884 of
632 3837 760 3885 leicester
776 3841 804 3885 at
820 3838 863 3886 the
887 3839 983 3900 things.
1007 3839 1118 3888 Edward
1126 3853 1181 3887 was
1189 3839 1352 3901 accordingly

401 3909 611 3956 commencemeut
621 3906 650 3953 oi
664 3905 706 3954 tbe
717 3920 779 3966 year
790 3910 864 3967 1265,
888 3909 1006 3956 removed
1016 3909 1079 3956 from
1095 3908 1136 3956 his
1150 3908 1315 3955 confinement
1326 3909 1354 3955 in

400 3991 434 4025 aa
444 3977 519 4025 order
526 3990 581 4024 was
592 3975 687 4036 passed
697 3974 736 4023 for
747 3976 789 4022 the
801 3976 864 4024 libe·
888 3976 976 4025 Dever
998 3977 1085 4026 Gastle
1108 3977 1158 4025 and
1176 3977 1304 4024 delivered
1327 3981 1353 4024 to

401 4047 482 4094 ration
493 4045 521 4094 oi
530 4046 622 4093 Prince
632 4044 754 4105 Edward,
762 4059 794 4091 on
807 4059 864 4092 con·
889 4046 929 4094 his
946 4047 1036 4098 iathar.
1081 4047 1139 4096 Rct.
1152 4045 1222 4094 Cart.
1235 4048 1268 4092 aa
1286 4045 1353 4094 Heu.

401 4114 481 4162 dition
492 4114 546 4163 that
555 4115 588 4163 he
596 4114 688 4164 sbould
696 4114 791 4161 remain
802 4113 864 4161 with
889 4115 942 4164 111.
954 4130 988 4164 m.
1000 4121 1025 4164 6.

401 4183 442 4231 bis
453 4183 535 4232 father
546 4182 618 4248 (tben
630 4199 646 4231 a
661 4183 775 4244 prisoner
785 4183 811 4230 in
823 4182 864 4230 tbe
