3128 4992
396 513 566 562 wlturar
590 515 637 561 on
660 515 942 564 unuruosuueu.
1098 501 1143 564 69

188 663 306 728 hostes
321 672 356 729 et
370 665 572 749 diruperunt
589 667 714 744 omnia,
729 667 977 750 praefocatiqne
995 675 1077 732 sunt
1093 688 1138 733 ex
1162 687 1286 776 prgam

188 764 355 843 operariis
396 767 487 847 regis
519 765 655 830 circiter
682 767 870 846 octoginta,
905 767 1139 850 confususque
1181 765 1187 775 ‘
1219 764 1224 774 '
1289 764 1294 774 '

187 881 250 926 rex
273 862 309 926 in
333 863 399 927 hoc
424 863 573 928 ‘facto'1
599 865 762 929 continuo
785 865 953 928 discessit.
1006 867 1138 930 Eodem

186 977 277 1023 anno
304 961 513 1026 Coelestinus
543 982 637 1045 papa
668 965 764 1040 obiit,
799 963 855 1026 cui
880 965 1046 1028 successit
1067 965 1137 1028 Lu·
1150 979 1296 1018 ventrose*

186 1057 271 1122 cius·
1149 1030 1226 1069 lestlne
1235 1029 1265 1068 11.

510 1212 622 1274 Castra
637 1211 717 1295 cepit
731 1211 808 1274 Boc.

237 1354 382 1419 Decimo
402 1375 492 1420 anno
515 1357 611 1437 regni
634 1357 687 1419 sui
711 1376 773 1420 rex
789 1355 985 1438 Stephanus
1001 1357 1136 1421 obsedit
1148 1377 1211 1418 nn.
1223 1380 1279 1419 114⁵.

186 1462 337 1517 castrum
355 1455 398 1518 de
412 1443 612 1518 Ferendone
624 1475 703 1518 cum
718 1455 871 1518 exercitu
890 1455 1134 1533 londoniensi,

186 1557 221 1614 et
250 1559 329 1633 post
357 1554 501 1617 multam
539 1554 727 1634 sanguinis
752 1554 952 1617 effusionem
989 1555 1068 1618 hinc
1098 1565 1134 1619 et

185 1650 277 1727 inde,
293 1651 434 1715 tandem
451 1652 536 1715 illud
551 1672 631 1716 cum
649 1651 852 1717 difficultate
867 1652 1023 1734 ‘cepit’2
1063 1655 1131 1716 Eo·
1145 1673 1233 1714 ιιιιωιη
1243 1676 1281 1714 ca-

185 1748 262 1811 dem
301 1770 392 1814 anno
426 1749 627 1814 Alexander
659 1750 910 1814 lincolniensis
948 1753 1132 1833 episcopus
1145 1724 1268 1812 llllsm

185 1849 363 1912 ecclesiam
389 1848 675 1936 lincolniensem,
688 1885 691 1890 ·
704 1869 782 1932 quoe
808 1851 1046 1914 combustione
1072 1851 1132 1914 de·

182 1952 325 2028 turpata
348 1947 473 2024 fuerat,
503 1949 588 2011 miro
617 1947 763 2011 artificio
790 1948 841 2011 sic
869 1948 1070 2011 reformavit
1095 1957 1134 2012 ut

183 2045 360 2124 pulchrior
375 2052 558 2129 appareret
568 2065 673 2129 quam
689 2051 780 2108 ante.

425 2270 494 2333 Boc
508 2268 587 2354 cepit
603 2267 748 2332 Comitem
767 2268 898 2331 Oestriae.

243 2438 434 2504 Undecimo
472 2459 562 2504 anno
603 2439 701 2521 regni
745 2439 800 2502 sui
836 2440 1031 2503 construxit
1067 2460 1130 2504 rex
1144 2462 1268 2504 nonne

182 2545 332 2601 castrum
359 2539 402 2602 de
422 2533 668 2620 Wallingford,
703 2536 760 2600 uhi
792 2557 907 2601 comes
923 2537 1129 2603 cestrensis
1142 2552 1245 2591 Thessurl
1259 2553 1283 2592 ot
1381 2542 1384 2548 ’

1142 2602 1229 2641 Chester
1242 2604 1281 2642 im·

181 2654 257 2698 cum
274 2656 356 2718 rege
372 2638 598 2702 concordatus
613 2644 688 2715 est3
713 2635 772 2718 qui
789 2642 911 2718 postea
927 2637 1020 2718 apud
1039 2637 1129 2701 Not·
1141 2653 1239 2741 pgiesffid
1254 2655 1281 2701 u

181 2733 352 2814 yngham³
370 2736 414 2799 ad
433 2757 549 2818 regem
571 2735 715 2817 pacifice
734 2736 887 2810 veniens,
905 2742 941 2799 et
963 2735 1047 2798 nihil
1064 2737 1129 2800 sibi
1232 2713 1252 2750 ε’

181 2840 347 2911 metuens
374 2843 497 2916 captus
521 2843 575 2900 est
600 2855 622 2898 a
647 2853 741 2915 rege,
762 2835 849 2897 etin
874 2853 1047 2898 carcerem
1075 2836 1128 2898 in-

180 2937 296 2995 trusus
313 2952 493 3017 quousque
513 2934 693 2998 castellum
712 2931 900 2996 lincolniae
919 2933 1010 3015 quod
1025 2935 1070 2996 ab
1087 2954 1128 2998 eo

179 3028 296 3094 dolose
313 3031 522 3114 susceperat,
535 3039 570 3096 et
582 3039 709 3095 caetera
723 3031 862 3094 ditionis
883 3049 954 3094 suae
972 3023 1127 3108 castella,

179 3131 254 3210 regi
276 3129 484 3204 restitueret.
537 3130 673 3208 Quibus
696 3128 851 3204 redditis,
869 3148 950 3192 mox
966 3131 1040 3210 ipse
1055 3132 1128 3193 suis

179 3227 333 3290 redditus
354 3237 418 3304 est,
434 3237 470 3293 et
487 3230 522 3291 in
539 3235 715 3310 posterum
731 3226 998 3290 immanissimus
1019 3227 1128 3290 hostis

177 3325 252 3406 regi
271 3325 422 3389 effectus.

315 3529 404 3594 Idem
424 3530 526 3593 Oomes
542 3527 699 3592 Incultum
706 3528 789 3611 fecit
803 3526 983 3591 Lioooloiae.

227 3686 442 3750 Duodecimo
480 3705 571 3749 auno
609 3684 706 3765 regni
737 3684 791 3747 sui
830 3703 894 3765 rex
928 3682 1125 3764 Stephanus
1138 3712 1262 3752 amm

177 3785 269 3867 apud
299 3784 513 3849 lincolniam
539 3785 575 3846 in
601 3782 731 3847 Natale
750 3783 892 3846 Domini
917 3783 1027 3864 regali
1050 3784 1124 3847 dia.
1138 3761 1230 3803 ΒΜ·

211 3971 637 4026 ¹OmittedinMSS.(loll.Arm.
697 3970 778 4020 ⁸'l'he
805 3973 867 4020 Earl
888 3972 918 4020 ol
942 3972 1050 4022 chester
1071 3989 1126 4022 was

176 4043 226 4092 and
238 4043 305 4094 cott.
316 4045 374 4094 Tib.
662 4041 740 4089 taken
757 4042 871 4101 prisoner
886 4045 913 4088 at
932 4041 1125 4102 Northampton.

662 4110 735 4160 Guil.
753 4110 879 4170 Neubrig.
897 4109 929 4156 de
947 4109 1011 4158 Reb.
1029 4111 1096 4171 Ang.
1108 4112 1127 4159 i.

210 4179 220 4208 ²
235 4177 389 4242 ‘ceperunt,'
402 4181 478 4231 MSS.
490 4179 638 4231 CollArm,
662 4183 704 4238 60,
715 4179 756 4227 ed.
775 4178 894 4238 Hoerner
912 4177 1055 4241 Dugdale's
1074 4181 1126 4229 Ba-

175 4251 225 4300 and
237 4251 304 4302 Cott.
315 4250 372 4300 Tib.
662 4262 763 4308 ronage.
