3128 4992
383 469 625 521 waurunrnn
648 473 931 522 Hruruerunorr.
1082 460 1126 521 65

171 629 349 709 gressique
367 632 411 694 ad
429 651 593 713 pugnam,
617 637 652 695 et
671 632 798 694 mutuis
820 651 857 694 se
880 631 1009 694 lanceis
1031 632 1122 695 salu·
1149 643 1267 733 ftqrqequ

172 733 298 804 tantes,
324 731 443 792 statim
469 731 561 793 acies
587 729 884 794 exhaeredatorum
907 731 1025 802 aciem,
1041 751 1122 794 con·
1135 718 1288 756 ··’·“···’“

173 825 286 908 sulum
312 829 494 908 percussit,
518 836 553 891 et
575 828 779 910 praevaluit3
805 835 841 892 et
866 830 967 911 quasi
992 830 1028 891 in
1051 831 1123 893 ictu

172 924 264 987 oculi
291 926 460 1008 dissipata
485 934 538 990 est
566 928 657 990 acies
682 927 754 1002 illa,
782 934 816 990 et
839 928 915 1010 ejus
940 929 1063 992 divisio
1089 930 1125 991 in

174 1023 241 1086 tria
263 1024 414 1103 devenit,
433 1026 492 1090 alii
518 1045 666 1108 namque
692 1025 797 1089 occisi
825 1033 918 1103 sunt,
939 1027 998 1090 alii
1020 1028 1125 1108 capti,

174 1130 210 1184 et
227 1123 286 1185 alii
303 1125 524 1206 aufugerunt.
576 1124 735 1189 Secunda
750 1125 840 1187 acies
855 1126 947 1205 regis
963 1145 1127 1207 percussa

175 1239 197 1282 a
220 1221 456 1286 Wallensibus
489 1230 524 1286 et
550 1242 572 1285 a
597 1224 722 1287 comite
755 1222 930 1296 Castrensi
960 1226 1059 1304 quasi
1089 1227 1125 1289 in

174 1329 347 1385 momento
372 1323 540 1404 dissipata
567 1329 621 1386 est
645 1322 736 1384 sicut
760 1322 865 1402 prior,
895 1321 1125 1405 fugeruntque

175 1437 294 1482 omnes
325 1421 470 1503 equites,
493 1421 599 1483 vitam
634 1421 749 1501 potius
780 1419 916 1482 salvare
948 1421 1124 1502 cupientes

175 1536 279 1598 quam
295 1525 431 1600 ‘regern
444 1519 484 1593 ;’¹
503 1537 565 1581 rex
580 1538 729 1600 namque
746 1517 941 1600 Stephanus
957 1539 1035 1582 cum
1050 1521 1124 1584 acie

174 1635 239 1680 sua
260 1618 423 1699 pedestri,
440 1637 517 1699 quae
540 1618 615 1680 sola
635 1624 859 1692 remanserat,
875 1615 1124 1701 circumseptus

173 1722 245 1788 est;
271 1718 501 1799 apparuitque
522 1722 605 1779 tunc
623 1717 676 1780 vis
695 1717 788 1798 regis
809 1715 973 1780 fulminea
989 1718 1125 1782 caedens

176 1815 313 1895 bipenni
331 1836 422 1879 nunc
438 1815 501 1880 bos
518 1823 659 1879 nuncet
676 1815 765 1891 illos
784 1822 818 1878 et
833 1814 960 1878 multos
977 1817 1013 1879 in
1028 1819 1124 1881 brevi

177 1913 221 1975 ad
247 1921 405 1978 extrema
432 1915 617 1979 deducens·
670 1913 795 1977 Comes
822 1933 904 1976 vero
932 1914 1125 1979 Castrensis

176 2011 334 2075 invidens
358 2013 477 2094 gloriae
501 2013 593 2094 regis
617 2032 694 2076 curn
723 2013 816 2074 omni
838 2012 988 2092 pondere
1013 2032 1125 2077 armo-

171 2129 255 2172 rum
281 2111 380 2175 irruit
405 2113 441 2174 in
468 2130 567 2189 eum;
593 2116 677 2174 tune
705 2129 816 2174 novus
829 2161 831 2164 .
845 2111 955 2174 oritur
986 2111 1126 2188 clamor,

176 2211 260 2290 quia
291 2229 410 2272 omnes
434 2211 470 2272 in
496 2229 573 2273 eum
600 2216 634 2272 et
660 2209 793 2291 ipsein
825 2228 963 2282 omnes:
988 2212 1126 2274 tandem

175 2308 335 2390 bipennis
363 2309 461 2390 regia
489 2328 534 2371 ex
564 2307 756 2389 frequentia
785 2307 916 2371 ictuum
950 2301 1127 2374 confracta

170 2414 254 2486 .est;
279 2408 370 2490 quod
391 2407 510 2476 videns
536 2407 675 2488 quidam
698 2405 896 2471 Willelmus
918 2406 1016 2471 miles
1038 2415 1126 2473 stre-

178 2506 364 2570 nuissimus
381 2507 480 2569 irruit
497 2506 532 2568 in
549 2524 677 2588 regem,
695 2505 730 2568 et
747 2524 825 2568 eum
842 2505 945 2587 galea
960 2507 1127 2589 arripiens

180 2604 343 2668 clamavit
354 2625 439 2670 voce
450 2624 587 2686 magna,
599 2610 621 2640 “
632 2602 727 2681 Huc,
739 2603 906 2681 homines,
916 2605 996 2670 huc!
1011 2626 1127 2688 regem

181 2711 280 2768 teneo
292 2704 323 2768 :⁹³
347 2706 510 2768 continuo
526 2704 691 2767 advolant
706 2723 834 2779 omneS,
853 2711 888 2767 et
904 2705 1039 2786 capitur
1053 2727 1128 2783 rex,

180 2822 365 2886 omnesque
387 2823 432 2866 ex
455 2804 529 2866 acie
546 2804 638 2884 regis
660 2809 722 2866 aut
736 2803 830 2884 capti
853 2809 935 2866 sunt
949 2795 1010 2867 aut
1025 2808 1126 2870 caesi:

180 2903 302 2965 civitas
328 2923 409 2967 vero
437 2902 555 2966 hostili
578 2902 655 2983 lege
678 2902 814 2984 direpta
839 2909 904 2978 est,
930 2909 965 2966 et
989 2924 1053 2966 rex
1084 2906 1128 2969 ad

180 3001 430 3083 imperatricem
453 3003 612 3083 captivus
635 3001 760 3064 ductus
781 3007 846 3076 est,
864 3008 898 3064 et
916 3002 951 3063 in
978 3004 1064 3066 turri
1086 3005 1129 3067 de

182 3100 331 3164 Bristow
347 3103 503 3183 positus:
527 3100 729 3182 imperatrix
744 3119 825 3164 vero
848 3101 892 3163 ab
912 3102 1005 3163 omni
1026 3110 1129 3182 gente
1141 3122 1241 3162 aureon-

182 3196 373 3280 Anglorum
392 3201 578 3282 suscipitur
594 3200 630 3261 in
648 3199 833 3275 dominam,
850 3200 1005 3281 exceptis
1021 3201 1129 3276 Kent-
1140 3171 1293 3260 illibi*

181 3299 318 3382 ensibus
341 3300 401 3362 ubi
426 3299 642 3380 repugnabat
670 3298 791 3378 regina
816 3316 907 3361 uxor
934 3299 1027 3379 regis
1052 3299 1128 3363 Ste-
1142 3317 1232 3356 natur·
1246 3328 1281 3356 a..

1142 3377 1214 3405 sumes
1223 3367 1260 3405 the

176 3397 309 3477 vphani;
335 3404 495 3483 suscepta
509 3403 562 3460 est
576 3397 680 3460 etiam
691 3395 840 3477 alegate
856 3396 1015 3460 Romano
1031 3398 1129 3461 Hen-
1141 3416 1292 3513 qfflqqy

180 3497 252 3558 rico
276 3496 508 3561 Wintoniensi
533 3497 693 3578 episcopo
724 3503 759 3558 et
784 3515 806 3558 a
833 3495 1129 3561 Londoniensibus
1142 3515 1229 3564 arma

180 3596 412 3678 universis,et
429 3614 534 3678 supra
553 3595 691 3659 modum
714 3595 892 3659 honorata.
929 3594 1128 3661 Elevatum-

181 3712 248 3774 que
274 3702 328 3780 est
342 3716 402 3760 cor
416 3697 537 3778 ipsius,
559 3714 600 3758 eo
622 3695 715 3777 quod
740 3701 1000 3777 prosperassent
1014 3697 1080 3773 sui,
1095 3704 1131 3761 et

182 3793 225 3855 ad
237 3800 323 3880 ,vota
341 3795 414 3878 jam
433 3795 626 3858 evenissent
644 3796 777 3859 omnia:
802 3795 838 3856 in
862 3799 996 3858 tantum
1018 3796 1053 3857 in
1071 3815 1128 3858 su·
1144 3817 1286 3866 amary-

175 3893 335 3976 ‘peruiam
349 3894 600 3958 intolerabilem
616 3901 730 3956 erecta
747 3901 812 3970 est,
828 3893 919 3974 quod
936 3893 1007 3956 lere
1021 3895 1129 3956 omni-
1140 3867 1295 3954 lttltlt⁸¹¹⁶

174 3981 241 4052 ¹um
265 3993 370 4055 corda
402 3995 446 4057 ab
475 3994 552 4076 ipsa
579 3997 741 4072 separata
771 3998 864 4066 sunt,
889 3990 1131 4072 displicuitque
1143 3965 1198 4053 lit?
1206 3966 1262 4005 Μ’

369 4188 374 4218 ¹
394 4188 492 4255 ‘mori,'
504 4191 580 4242 MSS.
588 4190 654 4240 coll.
662 4192 733 4240 Arm.
746 4191 796 4239 and
807 4189 873 4239 Gott.
884 4189 942 4238 Tib.

225 4305 303 4352 vob.
329 4306 354 4352 1.
963 4305 982 4350 ll
