3132 4996
411 483 456 546 70
733 509 738 516 ·
786 493 995 546 eunourcon

262 673 387 762 Aegrum
414 655 549 720 demate
578 651 764 733 insignitus
792 656 857 714 est.
924 648 1012 712 Post
1045 647 1147 730 cujus
1183 645 1364 710 decessum

252 750 403 788 ’·’···’··-’
415 752 635 818 11111111111,
646 750 840 816 Castrensis
851 748 991 824 ibidem,
1004 745 1096 810 ’111’1
1112 765 1191 810 cum
1206 744 1363 808 militari-

416 853 481 916 bus
490 851 600 934 copiis
611 849 760 914 assiliret
768 847 955 912 civitatem.
993 845 1041 909 Et
1058 845 1187 908 lactum
1203 852 1267 920 est,
1281 843 1364 906 dum

417 955 652 1034 expugnasset
673 947 850 1013 civitatem
865 965 976 1028 usque
999 944 1044 1008 ad
1066 945 1262 1024 ingressum
1284 960 1364 1006 con·

417 1050 499 1131 tigit
510 1048 603 1131 quod
614 1048 686 1111 dux
697 1046 869 1110 exercitus
879 1045 934 1108 sni
943 1045 979 1107 in
989 1043 1132 1107 introitu
1142 1049 1254 1124 portae
1265 1042 1365 1104 bore·

418 1148 483 1212 alis
509 1164 692 1230 percussus
720 1144 894 1220 occubuit,
928 1149 963 1205 et
992 1142 1149 1224 pluribus
1178 1139 1366 1204 interfectis

419 1246 493 1328 ipse
532 1245 652 1309 consul
682 1243 896 1307 retrocedere
926 1240 1125 1321 compulsus
1155 1245 1230 1302 est:
1271 1239 1365 1301 cives

419 1343 527 1425 igitur
554 1341 729 1408 victoriosi
751 1341 878 1422 virgini
895 1339 1068 1422 virginum
1090 1335 1287 1421 protectrici
1309 1355 1366 1399 eo-

420 1461 498 1506 rum
515 1441 636 1506 laudes
650 1447 685 1504 et
700 1441 832 1522 gratias
848 1436 1081 1522 ‘insigniter’2
1098 1438 1334 1520 exsolverunt.

431 1681 483 1746 De
499 1681 603 1746 Morte
623 1679 787 1744 Thamiai
802 1681 1047 1844 Argdiepiscma
1062 1689 1091 1746 et
1111 1679 1261 1746 Domibas
1275 1681 1355 1765 stur·

877 1782 947 1845 atis.

258 1949 412 2039 imm,
473 1927 570 1990 Dum
590 1925 627 1989 in
648 1945 762 2007 regno,
774 1905 913 2007 Angliae
937 1927 1024 1996 talia
1040 1934 1252 2009 gererentur,
1272 1945 1372 1991 sanc-

261 2049 386 2097 egnman.
424 2031 471 2090 tae
503 2025 751 2089 recordationis
775 2025 988 2096 ¹'l‘hurstinus
1020 2027 1173 2092 Eborum
1202 2026 1371 2108 archiepi-

260 2099 355 2146 ²¹'¹¹³⁹'
425 2142 561 2205 scopus,
594 2130 674 2207 post
697 2123 903 2187 laudabilem
939 2125 1040 2188 officii
1071 2126 1125 2189 sui
1153 2125 1371 2190 administra-

424 2224 554 2288 tionem
574 2228 608 2284 et
623 2222 792 2317 praeclara
807 2223 949 2304 pietatis
972 2243 1090 2306 opera,
1107 2243 1185 2288 cum
1202 2224 1277 2307 jam
1299 2223 1371 2286 fere

424 2321 600 2400 expletum
628 2321 771 2382 sentiret
796 2339 871 2383 esse
894 2315 1025 2385 militiae
1051 2341 1123 2386 suae
1146 2331 1294 2404 tempus,
1318 2341 1371 2385 re·

424 2418 508 2482 licto
530 2417 659 2480 honore
681 2423 716 2480 et
736 2435 908 2486 excusans
933 2439 970 2484 se
994 2421 1040 2484 ab
1060 2440 1175 2498 onere,
1192 2441 1271 2488 cum
1297 2439 1370 2484 mo-

425 2515 546 2581 nachis
589 2515 874 2582 cluniacensibus
920 2519 1014 2600 apud
1052 2519 1372 2586 'Pontem-fractum

426 2615 567 2678 ultimos
582 2613 664 2679 vitae
686 2635 759 2680 suae
775 2615 848 2680 dies
868 2620 997 2698 exegit,
1015 2626 1050 2683 et
1065 2619 1246 2701 appositus
1257 2625 1313 2682 est
1326 2617 1372 2682 ad

427 2721 544 2796 patres
575 2732 657 2777 suos
693 2715 730 2778 in
768 2723 944 2780 senectute
974 2719 1077 2794 bona,
1108 2737 1199 2782 anno
1229 2717 1373 2783 Domini

265 2841 385 2889 noran,
429 2829 554 2877 mcxii.
596 2812 712 2896 Cujus
734 2813 792 2895 pio
807 2815 921 2879 studio
935 2815 1026 2881 inter
1040 2824 1166 2881 caetera
1186 2818 1277 2880 bona
1296 2835 1375 2899 quae

266 2893 322 2930 ¹¹⁴⁰'
430 2912 647 2992 operabatur,
665 2912 885 2979 attribuenda
906 2921 960 2986 est
978 2915 1136 2980 fundatio
1154 2923 1257 2998 atque
1274 2920 1374 2997 ‘pro-

266 3037 389 3086 nomen
430 3009 555 3080 vectio?
561 3007 573 3044 ³
605 3011 817 3075 celeberrimi
850 3015 1049 3078 monasterii
1077 3014 1374 3092 Fontoniacensis,

264 3088 409 3177 iiiiii&
429 3107 529 3191 cujus
553 3108 709 3174 fundatio
739 3111 820 3180 talis
852 3131 926 3176 esse
953 3113 1162 3194 perhibetur.
1223 3114 1376 3191 Quidam

429 3207 589 3272 monachi
608 3208 762 3274 eeclesiae
777 3211 898 3276 Beatae
923 3210 1045 3276 Mariae
1066 3213 1217 3277 Eborum
1233 3229 1303 3275 xu.
1320 3213 1375 3277 vel

429 3322 513 3369 x111.
540 3305 712 3372 ferventes
736 3310 859 3390 spiritu
884 3317 919 3373 et
946 3312 1182 3392 scrupulosam
1210 3311 1375 3374 habentes

428 3406 684 3482 conscientiam,
706 3425 747 3469 eo
774 3407 865 3489 quod
891 3409 983 3472 beati
1010 3410 1191 3475 Benedicti
1218 3411 1375 3491 regulam

430 3522 532 3584 quam
556 3505 704 3584 professi
726 3513 826 3569 erant
847 3504 960 3570 minus
984 3507 1028 3571 ad
1052 3507 1186 3573 literam
1213 3509 1376 3573 observa·

429 3608 517 3676 rent,
559 3609 593 3663 et
625 3603 707 3682 quia
734 3601 973 3668 Cisteroiensis
1006 3607 1145 3682 ordinis,
1178 3607 1238 3690 qui
1266 3627 1376 3688 nuper

429 3714 505 3758 esse
526 3703 692 3778 coeperat,
710 3699 803 3764 sama
820 3701 896 3785 jam
922 3705 1064 3768 celebris
1088 3711 1175 3781 erat,
1191 3711 1230 3768 ut
1246 3705 1376 3786 aliquid

429 3795 552 3858 melius
586 3796 779 3879 fortiusque
808 3809 962 3882 agerent,
995 3823 1095 3867 suum
1130 3805 1376 3868 monasterium

428 3892 659 3976 reliquerunt:
700 3917 846 3979 quorum
883 3901 1036 3965 studium
1066 3905 1246 3986 zelumque
1273 3922 1376 3967 venc-

462 4157 470 4188 ¹
488 4159 601 4212 Omitted
612 4165 638 4213 in
650 4165 707 4215 MS.
719 4167 783 4217 Goll.
795 4169 866 4218 Arm.
962 4171 971 4200 ³
987 4170 1142 4232 ‘protectio‚’
1156 4171 1214 4220 MS.
1228 4169 1361 4221 Cottum.

461 4225 471 4254 ⁹
488 4229 659 4296 ‘indigniten’
671 4236 727 4285 MS.
740 4237 805 4286 Coll.
817 4240 886 4287 Arm.
