3128 4992
420 441 589 488 wiurnru
613 441 660 487 nn
683 440 966 490 unurrtonuasu.
1113 427 1155 491 31

207 614 284 657 cum
309 614 372 658 suo
392 615 555 677 germano
577 596 723 672 firmata,
747 598 908 679 praestitit
931 599 963 662 ei
986 618 1048 662 sex
1063 599 1161 663 mille.
1175 617 1269 657 warram
1279 619 1308 658 11.

205 701 387 757 sexcentas
411 697 596 776 sexaginta
619 715 682 759 sex
706 696 811 760 libras
835 699 979 778 argenti,
1004 705 1039 762 et
1062 698 1154 763 Nor·
1180 668 1307 707 A'⁰'¹⁰⁹⁶'

208 793 381 856 manniam
399 794 476 858 loco
498 795 650 877 pignoris
673 797 825 878 accepit:
849 804 884 861 et
905 805 985 879 post
999 797 1155 879 aliquan·

206 898 280 953 tum
295 894 470 975 temporis,
492 901 572 974 post
590 893 676 960 duos
700 895 831 959 scilicet
846 915 966 973 annos,
982 898 1155 961 civitatem

209 989 442 1073 cynomannis
462 1012 691 1075 magnamque
705 994 798 1058 illius
817 996 1003 1076 provinciae
1022 1003 1155 1078 partem

206 1107 279 1152 suae
308 1090 428 1154 ditioni
464 1092 621 1175 subjecit.
680 1093 900 1176 Profectique
928 1102 1009 1157 sunt
1039 1094 1295 1159 Chris-anduno-

1123 1196 1130 1209 ,
1166 1161 1226 1199 takes
1235 1171 1262 1198 an
1271 1171 1306 1198 ex-

206 1189 292 1252 tiani
321 1190 429 1252 nostri
453 1191 612 1254 catholici
635 1192 671 1254 in
697 1192 840 1256 Terram
865 1193 1039 1270 Sanctam,
1061 1202 1097 1258 et
1120 1210 1290 1308 mpffgrpgpyto

206 1289 362 1369 sequenti
377 1307 468 1352 anno
483 1290 629 1353 Niceam
644 1299 808 1372 ceperunt
818 1292 1007 1357 civitatem.
1165 1309 1233 1348 rma.

233 1466 383 1544 Quomodo
401 1468 521 1532 civitas
534 1469 709 1532 Jerusalem
726 1478 820 1554 apa
834 1478 877 1534 aa
891 1491 913 1532 a
932 1453 1131 1536 cassiana.

256 1615 335 1694 Quo
355 1617 492 1698 quidem
519 1637 609 1681 anno
640 1632 796 1681 mxcvu.
812 1624 947 1680 cometa
960 1633 1015 1680 111.
1032 1616 1152 1682 kalen·
1164 1638 1293 1737 phphppa

205 1715 267 1778 das
283 1715 443 1780 Octobris
459 1726 494 1782 et
515 1738 576 1799 per
598 1733 661 1780 xv,
684 1717 757 1779 dies
779 1724 961 1798 sequentes
981 1719 1152 1798 apparuit.
1164 1740 1287 1789 sarrai.

204 1813 369 1878 Animosa
404 1835 487 1898 crgo
522 1816 745 1898 procedentes
780 1817 817 1878 in
852 1815 1006 1879 inimicos
1042 1819 1153 1881 crucis

206 1913 343 1990 Christi,
373 1916 409 1978 in
440 1935 531 1979 anno
559 1915 716 1996 sequenti
745 1913 964 1978 Antiochiam
989 1924 1288 1997 ceperuntsnnss.

205 2014 378 2077 civitatem
394 2029 449 2079 111.
466 2015 597 2078 scilicet
618 2033 727 2076 nonas
743 2013 766 2077 J
768 2013 851 2088 unii,
869 2013 975 2075 ‘teria
992 2015 1150 2094 quarta‚'¹
1163 2003 1313 2092 ,fflssssd'ffi'

206 2113 265 2175 ubi
286 2113 406 2175 lancea
431 2132 501 2194 qua
522 2112 680 2176 Christus
701 2113 737 2174 in
758 2130 859 2174 cruce
873 2111 1074 2177 vulneratus
1100 2123 1152 2179 est
1162 2102 1276 2198 diff*

205 2212 332 2286 extitit,
347 2218 393 2286 et,
413 2211 588 2276 revelante
611 2210 738 2274 Sancto
761 2209 901 2274 Andrea
926 2211 1095 2293 apostolo,
1117 2214 1153 2277 in
1163 2201 1282 2291 {32⁸3}

204 2311 349 2374 ecclesia
372 2310 489 2375 Sancti
514 2311 610 2374 Petri
626 2317 762 2391 reperta
776 2317 852 2388 est3
876 2329 919 2372 ex
944 2329 1013 2392 qua
1035 2312 1071 2374 in
1089 2313 1152 2375 im-

204 2429 358 2473 mensum
375 2409 569 2486 confortati,
587 2417 622 2473 ct
643 2409 737 2474 illam
759 2428 875 2472 secum
897 2408 1044 2474 serentes
1063 2411 1150 2474 mul·

202 2517 257 2574 tos
294 2517 511 2591 peremerunt
546 2508 765 2586 Sarracenos
802 2516 838 2573 et
873 2528 1078 2592 quocunque
1114 2530 1151 2576 se

202 2609 419 2685 diverterent,
435 2616 639 2691 cooperante
660 2609 821 2684 Domino,
836 2608 972 2690 plenam
987 2617 1066 2673 sunt
1081 2611 1150 2674 vic-

201 2709 323 2773 toriam
356 2709 539 2774 consecuti.
607 2707 708 2772 Unde
743 2715 778 2771 et
813 2709 850 2771 in
877 2710 1032 2789 sequenti
1060 2725 1284 2774 annotans.

204 2824 348 2871 u.xc1x.
375 2808 453 2871 idus
484 2809 510 2872 J
513 2807 585 2883 ulii,
611 2807 696 2871 feria
724 2814 837 2883 sexta,
867 2807 1001 2870 famosa
1029 2808 1149 2873 civitas
1162 2792 1305 2890 {iiiiii

1161 2894 1226 2932 nalem
1237 2906 1285 2944 cap·

202 2906 261 2970 illa
278 2906 473 2970 Jerusalem
495 2909 539 2971 ab
559 2906 644 2988 ipsis
667 2906 835 2983 fidelibus,
850 2907 908 2987 pio
930 2914 965 2970 et
986 2907 1076 2971 felici
1091 2927 1148 2972 su·
1161 2945 1303 2992 mmm„

1109 3008 1115 3022 ·
1160 2993 1282 3034 Crurederr.

203 3005 295 3082 dore,
311 3012 415 3087 capta
432 3013 496 3069 est.
550 3006 619 3069 Ubi
640 3005 815 3070 Robertus
836 3006 908 3069 dux
927 3005 1148 3072 Normanmae
1161 3057 1253 3106 ,my

201 3104 289 3170 inter
313 3107 441 3186 primos
463 3105 529 3170 fuit
551 3103 677 3180 clanis,
699 3113 735 3169 et
757 3105 965 3168 Godefridus
988 3106 1061 3170 dux
1080 3107 1148 3171 Lo·
1161 3107 1291 3148 ⁰fl⁰¹¹⁸¹¹¹⁰

1160 3159 1258 3196 uowned

199 3203 368 3268 tharensis
394 3206 437 3268 ab
461 3205 552 3268 omui
575 3204 730 3278 exercitu
753 3205 789 3267 in
813 3224 930 3286 regern
955 3205 1149 3270 Jerusalem
1161 3207 1286 3304 mrem,

201 3304 405 3368 unanimiter
426 3311 480 3368 est
500 3304 641 3380 electus,
658 3319 711 3366 xr.
734 3303 864 3367 seilicet
885 3302 1051 3368 kalendas
1073 3303 1147 3369 An·
1160 3306 1281 3405 ffissgqm

198 3403 302 3483 gusti.
1318 3417 1321 3424 ¹

464 3554 513 3617 Do
527 3550 684 3616 Libertate
699 3549 857 3615 Ecclesia.

248 3699 351 3765 Anno
367 3701 505 3766 Domini
521 3717 668 3767 u.xc1x.
686 3700 848 3765 Urbanus
874 3718 967 3784 papa
986 3699 1021 3761 in
1044 3700 1281 3762 tertiacouncuon

1159 3769 1269 3818 discipline

198 3800 414 3865 hebdomada
435 3801 580 3865 Paschae
607 3801 730 3864 Romae
753 3820 916 3881 magnum
934 3799 1044 3864 tenuit
1066 3819 1145 3863 con·
1159 3819 1240 3914 imp

197 3900 324 3976 cilium,
335 3901 404 3978 ubi,
415 3900 457 3965 de
471 3900 611 3964 consilio
623 3900 769 3964 fratrum
777 3908 814 3965 et
830 3900 937 3964 totius
946 3899 1147 3979 congregati
1157 3919 1275 4007 ng’,

198 3999 342 4077 concilii,
354 3999 664 4064 excommunicavit
673 4018 791 4062 omnes
803 3997 908 4061 laicos
924 3997 1145 4061 investituras
1177 3979 1191 4017 ¹²
1251 3972 1282 4007 ι’

516 4185 523 4217 ¹
543 4191 615 4240 Read
627 4189 707 4242 ‘feria
718 4190 825 4255 quinta?
