3128 4992
421 437 465 500 20
791 455 1001 503 cunomcon

267 623 403 714 {lm}
423 631 492 676 non
515 614 665 677 haberet.
718 611 875 695 Denique
899 613 960 676 illa
987 613 1127 696 querela
1150 612 1236 677 adeo
1261 615 1370 678 movit

262 702 554 789 ⁴³⁴·omueS,
575 720 615 776 ut
635 713 729 794 prius
753 713 974 795 conquerenti
990 714 1071 776 vivo
1088 731 1151 794 pro
1166 719 1249 776 voto
1268 715 1369 776 satis-

425 812 588 887 facerent,
616 820 650 875 et
683 812 804 875 deinde
837 819 973 876 mortuo
1007 812 1173 892 exequias
1205 811 1371 893 adimple·

425 919 510 976 rent.
566 910 658 974 Sane
692 912 783 992 quod
822 910 911 974 idem
947 910 1142 974 Willelmus
1157 955 1161 962 -
1179 910 1370 973 Bastardus

361 1007 364 1014 '
425 1008 641 1073 Christianos
650 1010 822 1086 innoxiae,
833 1009 973 1093 injuste,
986 1009 1202 1073 ethostiliter
1212 1011 1369 1091 impetiit,

285 1178 288 1185 ,
425 1109 475 1170 rei
491 1107 731 1190 subsequentis
750 1116 848 1191 patet
863 1116 1080 1190 argumento.
1122 1107 1166 1170 ln
1180 1107 1258 1171 loco
1277 1128 1370 1172 nam-

261 1215 398 1304 gppgggffon
426 1225 492 1287 que
516 1208 574 1269 uhi
596 1207 679 1270 victi
701 1206 840 1288 Anglici
869 1210 1115 1283 occubuerunt,
1131 1215 1368 1272 constructum

263 1317 346 1413 (53ng
426 1312 480 1368 est
496 1325 517 1368 a
534 1306 721 1370 victoribus
736 1308 981 1370 monasterium
995 1307 1108 1370 nobile
1117 1306 1210 1370 beati
1226 1304 1370 1369 Martini
1435 1299 1438 1302 ’

326 1393 331 1404 ’
426 1404 469 1468 de
485 1404 584 1467 Bello
599 1412 834 1487 nuncupatum
851 1413 1017 1488 tanquam
1036 1405 1281 1469 Normannieae
1301 1407 1370 1468 vic·

427 1505 526 1566 toriae
545 1504 677 1577 titulus,
699 1517 734 1567 et
747 1512 785 1567 ut
802 1523 876 1567 esse
896 1513 1014 1587 posset
1030 1505 1184 1585 expiatio
1211 1504 1371 1586 quaedam

427 1603 516 1665 tanti
530 1604 706 1683 sanguinis
723 1602 920 1668 Christiani.
973 1602 1087 1667 Locus
1108 1611 1223 1666 autem
1239 1602 1298 1666 ille
1313 1605 1371 1666 uhi

427 1699 622 1782 Anglorum
641 1709 776 1783 strages
798 1701 891 1766 facta
912 1710 977 1780 est,
998 1704 1027 1766 si
1049 1703 1137 1766 forte
1157 1703 1291 1765 modico
1307 1703 1371 1764 im-

427 1801 488 1863 bre
512 1801 692 1876 maduerit,
710 1820 827 1864 verum
851 1802 1053 1883 sanguinem
1075 1809 1110 1865 et
1132 1800 1231 1883 quasi
1254 1820 1372 1864 recen-

429 1908 498 1963 tem
514 1900 677 1963 exsudat:
702 1901 774 1964 acsi
795 1907 914 1983 aperte
935 1900 1070 1964 dicatur
1087 1901 1179 1982 quod
1197 1919 1266 1964 vox
1284 1901 1373 1963 tanti

428 1999 607 2079 sanguinis
631 1998 820 2072 Christiani
844 1999 971 2063 clamat
997 2000 1040 2063 ad
1065 2001 1178 2063 Deum
1200 1999 1244 2062 de
1268 2006 1372 2074 terra,

429 2116 506 2178 quae
521 2099 656 2180 aperuit
678 2119 717 2162 os
733 2118 834 2161 suum
848 2105 884 2162 et
904 2099 1056 2180 suscepit
1070 2099 1216 2162 eundem
1234 2099 1374 2179 sangui·

430 2217 507 2261 nem
522 2197 565 2260 de
582 2198 739 2261 manibus
753 2197 899 2261 fratrum
916 2197 1200 2262 christianorum.

506 2436 763 2552 IgoPrimordiis
776 2446 805 2500 at
821 2437 1021 2502 Oorortcticna
1043 2435 1193 2501 Willelmi
1208 2436 1294 2517 Rufi.

268 2610 422 2702 qqffislqu
482 2589 585 2655 Anno
611 2611 632 2656 a
655 2592 865 2674 plenitudiue
887 2593 1051 2675 temporis
1074 2611 1144 2674 qua
1167 2591 1309 2656 Veritas
1332 2591 1375 2654 de

434 2699 526 2754 terra
545 2698 622 2755 orta
637 2698 691 2754 est
709 2708 923 2757 umxxxvu.
940 2692 1135 2757 Willelmus
1152 2691 1267 2756 Rufus
1281 2690 1374 2754 lilius

432 2789 599 2855 Willelmi
617 2789 875 2873 Conquaestoris
895 2799 974 2874 post
996 2799 1142 2856 mortem
1169 2792 1277 2874 patris
1303 2798 1373 2854 sta·
1395 2805 1397 2810 ’

432 2890 495 2952 tim
514 2889 550 2950 in
564 2887 730 2970 Angliam
751 2891 885 2954 rediens
902 2892 945 2954 de
961 2891 1188 2966 Normannia,
1203 2909 1374 2954 convoca·

432 2989 478 3050 tis
502 2990 719 3068 magnatibus
742 2997 856 3067 terrae,
877 2992 911 3053 iu
934 2991 1009 3074 ipso
1034 2990 1088 3053 die
1116 2990 1300 3053 Dominico
1327 3005 1375 3053 v1.

433 3084 599 3150 kalendas
629 3087 805 3152 Octobris¹
832 3090 868 3151 in
898 3089 1207 3153 westmonasterio
1239 3087 1377 3153 Londo-

432 3187 499 3248 niis
529 3204 550 3248 a
579 3185 773 3251 Lansranco
803 3189 1027 3252 Doroberniae
1056 3188 1314 3270 archiepiscopo
1340 3187 1377 3251 in

432 3305 547 3366 regem
568 3295 788 3351 consecratus
807 3295 871 3351 est.
923 3289 1055 3351 Deinde
1070 3287 1284 3352 Wintoniam
1304 3286 1377 3350 adi-

433 3404 493 3447 ens
508 3385 689 3449 thesauros
704 3387 814 3467 patris
829 3388 895 3464 sui,
911 3395 949 3452 ut
965 3388 1039 3470 ipse
1050 3387 1217 3470 jusserat,
1228 3406 1289 3469 per
1304 3384 1378 3449 An·

432 3484 539 3566 gliam
566 3485 695 3560 divisit,
722 3494 756 3549 et
781 3486 932 3550 ecclesiis
962 3488 1134 3569 praecipue
1158 3485 1379 3567 pauperibus,

472 3681 479 3708 ¹
497 3685 553 3736 MS.
569 3685 636 3735 Oott.
646 3686 704 3734 Tib.
723 3686 808 3746 reads,
818 3687 825 3714 ¹
836 3684 891 3734 rv‘0.
919 3688 984 3747 bury
991 3700 1051 3748 says
1062 3685 1093 3733 he
1102 3699 1157 3734 was
1168 3685 1284 3734 crowned
1295 3700 1328 3733 on
1339 3685 1382 3735 the

436 3754 559 3803 kalendas
576 3755 713 3804 Octobris!
757 3755 811 3804 The
836 3757 894 3804 date
919 3757 985 3805 feast
1003 3757 1031 3805 of
1047 3756 1084 3804 St.
1093 3754 1201 3805 Cosmus
1212 3756 1263 3802 aud
1277 3755 1384 3803 Damia-

435 3824 555 3886 assigued
577 3826 611 3886 by
624 3839 671 3874 our
691 3825 781 3873 author
802 3839 832 3873 as
853 3824 894 3873 the
920 3840 977 3887 nus,
996 3826 1039 3874 tha
1057 3824 1117 3874 arth
1136 3825 1164 3873 oi
1180 3825 1334 3885 September,
1355 3825 1383 3874 in

436 3893 488 3954 day
499 3893 528 3942 oi
537 3894 579 3942 the
591 3896 734 3943 coronatiou
746 3894 774 3943 of
782 3895 895 3942 William
920 3895 1004 3944 which
1023 3895 1055 3943 he
1074 3895 1097 3943 is
1112 3894 1250 3955 supported
1266 3894 1300 3954 by
1312 3894 1382 3942 Ead-

437 3963 529 4025 Rufus,
547 3965 596 4014 viz.
612 3964 724 4025 Sunday,
742 3965 784 4013 the
800 3964 859 4012 aoth
870 3963 899 4012 of
921 3979 974 4014 mer
991 3966 1041 4013 aud
1052 3963 1191 4013 Ordericus
1202 3964 1311 4022 Vitalis;
1328 3965 1384 4026 but,

436 4033 584 4094 September
595 4038 668 4094 1⁰87,
679 4035 702 4082 is
713 4035 851 4096 supported
862 4035 897 4094 hy
921 4049 950 4083 as
958 4034 1000 4083 the
1011 4048 1143 4093 ceremony
1151 4047 1206 4082 was
1217 4033 1319 4093 usually
1327 4047 1386 4093 per·

390 4123 392 4126 ·
435 4103 477 4151 the
497 4103 644 4152 authorities
661 4103 691 4152 of
704 4104 837 4166 Hovedeu,
854 4103 896 4151 the
920 4104 1017 4152 formed
1035 4118 1067 4152 on
1082 4117 1098 4152 a
1116 4103 1231 4164 Suuday,
1242 4104 1263 4150 it
1277 4103 1300 4149 is
1319 4107 1388 4150 most

437 4172 518 4220 Monk
529 4172 686 4234 ofDurham.
697 4174 747 4221 aad
758 4175 800 4222 the
812 4174 896 4222 Saxou
921 4173 1041 4234 probable
1063 4173 1119 4221 that
1144 4172 1339 4234 Hemiugburgh
1363 4172 1388 4220 is

357 4253 360 4259 '
437 4240 578 4292 Chronicle.
614 4243 897 4291 WilliamotMalmas·
922 4248 1025 4292 correct.
