3130 4990
403 477 469 542 304
771 491 981 539 onnornoon

254 664 328 713 neno
337 665 381 704 111·
407 647 617 711 Francorum
636 654 815 724 tractaret,
833 655 868 710 et
894 647 1044 712 finaliter
1066 655 1286 730 componeret
1311 647 1355 711 de

253 714 279 752 A.
289 715 315 754 D.
325 715 381 754 1259.

241 768 391 845 M
407 747 442 810 N
443 746 644 811 ormannia:
680 746 872 829 ductusque
904 747 1047 810 oonsilio
1081 747 1174 811 malo
1206 746 1355 828 simplex

240 847 383 936 fflffittffl·
404 866 466 910 rex
481 846 675 929 composuit
692 847 741 909 sio
758 853 797 909 ut
814 847 889 926 regi
909 846 1120 910 Francorum
1140 846 1356 910 Normaunia

241 946 308 996 ΚΜ·
403 953 605 1022 remaneret,
622 945 757 1009 reddita
778 945 892 1008 sibiet
910 946 1104 1008 haeredibus
1118 947 1190 1008 suis
1207 945 1354 1026 singulis

404 1045 502 1108 anuis
517 1053 612 1109 certa
628 1064 763 1108 summa
783 1045 959 1126 pecuniae3
983 1064 1088 1126 quam
1112 1052 1229 1108 tamen
1249 1064 1355 1127 pecu·

403 1145 494 1208 uiam
511 1152 633 1227 postea
648 1145 856 1225 poeuitentia
871 1144 995 1207 ductus
1012 1164 1189 1227 nunquam
1211 1145 1354 1225 recepit,

403 1263 466 1307 uec
490 1245 640 1325 recipere
666 1243 775 1307 voluit
800 1243 835 1305 in
851 1243 924 1306 vita
947 1262 1031 1306 sua:
1057 1243 1161 1306 immo
1186 1243 1222 1306 iu
1244 1242 1353 1306 literis

404 1343 526 1406 suiset
542 1341 696 1425 epistolis
712 1349 787 1407 toto
803 1349 955 1424 tempore
978 1359 1041 1406 suo
1059 1361 1097 1407 se
1115 1342 1237 1406 ducem
1261 1342 1296 1405 N
1298 1361 1353 1405 or·

404 1442 552 1504 manniae
581 1440 792 1523 appellavit3
821 1442 893 1516 sed,
922 1461 963 1506 eo
988 1447 1136 1520 mortuo,
1160 1441 1353 1504 Edwardus
1420 1481 1422 1485 ,

404 1540 495 1603 filius
512 1541 588 1623 ejus
615 1548 650 1604 et
676 1559 856 1603 successor
879 1540 916 1602 in
937 1560 1044 1622 regno
1069 1541 1130 1604 illa
1150 1541 1219 1604 duo
1235 1542 1351 1620 verba,

405 1639 489 1703 Dux
504 1639 740 1715 Normauniae,
755 1639 791 1702 in
807 1640 880 1702 suis
893 1639 1048 1721 epistolis
1062 1659 1130 1704 nou
1147 1640 1274 1723 posuit.

482 1861 532 1925 Do
548 1859 741 1924 Dimootiona
759 1858 841 1922 inter
857 1859 968 1943 Repam
982 1867 1010 1922 ct
1026 1859 1175 1935 Berones,
1193 1857 1272 1922 etde

704 1957 888 2024 Provisiono
906 1957 1040 2022 Occrriae.

253 2156 382 2195 nonan.
455 2132 594 2194 Entunc
611 2129 759 2211 ingressi
782 2137 864 2193 sunt
890 2130 1021 2192 curiam
1047 2130 1139 2211 regis
1157 2130 1352 2208 innumera-¹

241 2221 386 2311 ffffltssfifh
403 2231 490 2294 biles
507 2230 632 2293 Franci
655 2230 744 2292 sicut
763 2236 798 2292 et
822 2214 926 2293 antea
949 2229 1087 2292 fuerant
1102 2228 1352 2304 ProvincialeS,

241 2321 343 2419 Q&
405 2337 441 2392 et
466 2328 599 2410 repleta
623 2334 677 2392 est
700 2335 792 2391 terra
808 2329 909 2409 quasi
927 2348 971 2390 ex
996 2328 1088 2391 omni
1111 2327 1250 2391 natione
1273 2346 1353 2409 quae

406 2429 470 2490 sub
496 2427 586 2490 coelo
607 2435 673 2504 ost,
697 2428 957 2509 agebanturque
974 2427 1114 2508 negotia
1137 2426 1270 2507 regalia
1292 2445 1355 2508 per

406 2527 617 2607 alienigenas
643 2533 678 2590 et
706 2527 859 2607 ignotos
883 2533 918 2590 et
944 2526 1036 2590 facta
1066 2533 1120 2590 est
1146 2527 1196 2589 eis
1221 2523 1353 2606 Anglia

406 2626 505 2709 quasi
529 2625 690 2689 'serviens
717 2626 782 2688 sub
805 2625 948 2702 tributo,
971 2625 1132 2706 quoniam
1156 2624 1292 2688 wardas
1318 2632 1354 2687 et

405 2726 535 2789 relevia
551 2732 586 2788 ct
602 2731 729 2788 caetera
745 2725 976 2788 emolumenta
998 2731 1101 2787 terrae
1123 2743 1195 2806 prae
1218 2723 1353 2787 caeteris

241 2848 368 2888 ormnem
405 2824 563 2887 omnibus
599 2824 844 2905 asportabant:
878 2823 1114 2905 indignatique
1139 2829 1225 2887 suut·
1253 2841 1351 2903 mag-

240 2898 325 2987 diii..
403 2930 503 2986 nates
531 2929 630 2985 terrae
658 2921 812 2986 videntes
837 2922 924 2998 haec,
951 2929 989 2985 at·
1010 2929 1132 2986 mutuo
1159 2921 1353 3003 loquentes,

402 3020 468 3084 sibi
503 3019 673 3095 dicebant
709 3019 802 3098 Quid
835 3021 1000 3086 faciemus
1036 3021 1238 3102 alienigenis
1274 3020 1352 3084 istis

402 3120 463 3204 qui
492 3121 542 3184 sic
570 3121 768 3202 opprimunt
800 3138 876 3195 nos,
898 3121 929 3182 si
959 3119 1186 3184 dimiserimus
1215 3137 1274 3183 eos
1299 3120 1351 3182 sic

402 3220 629 3302 asportabunt
651 3220 779 3296 omnia,
804 3225 841 3282 et
865 3238 929 3282 uos
954 3219 1054 3282 vacui
1078 3218 1349 3291 remanebimus;

401 3316 637 3401 dirumpamus
659 3337 742 3399 ergo
766 3317 906 3382 vincula
928 3337 1045 3380 eorum
1071 3325 1105 3381 et
1129 3316 1352 3399 projiciamus

402 3437 425 3480 a
441 3419 540 3482 nobis
559 3418 685 3501 jugum
712 3417 876 3498 ipsorum,
900 3417 1062 3497 quoniam
1088 3417 1120 3478 si
1141 3416 1352 3479 tacuerimus

402 3517 527 3598 peribit
541 3513 681 3596 Anglia,
701 3523 736 3579 et
755 3534 819 3580 nos
842 3514 963 3596 utique
985 3516 1113 3578 erimus
1128 3515 1352 3597 opprobrium

402 3614 576 3678 hominum
610 3623 645 3678 et
669 3614 817 3698 abjectio
847 3613 985 3696 populi!
1039 3614 1085 3677 Et
1114 3613 1203 3677 sicut
1231 3612 1351 3677 Simon

403 3711 615 3776 Machabeus
639 3714 791 3776 surrexit
810 3732 874 3795 pro
895 3712 1000 3776 fratre
1022 3731 1084 3775 suo
1108 3711 1131 3778 J
1135 3712 1214 3788 uda,
1231 3719 1270 3774 ut
1287 3731 1354 3793 pro

401 3810 531 3893 populo
546 3810 613 3873 Dei
635 3818 670 3873 et
691 3811 769 3892 lege
789 3817 934 3892 paterna
950 3818 1098 3875 certaret
1120 3811 1164 3874 ad
1188 3817 1351 3890 mortem3

400 3911 450 3974 sic
471 3910 588 3974 Simon
609 3909 652 3972 de
678 3909 899 3973 Monte-forti
921 3931 983 3993 pro
1006 3909 1135 3990 Anglia
1160 3911 1271 3973 erexit
1300 3929 1352 3987 se,

399 4019 438 4075 ut
453 4030 515 4093 pro
530 4010 664 4091 legibus
687 4017 722 4073 et
744 4009 960 4073 libertatibus
975 4010 1051 4093 ejus
1074 4008 1242 4090 usquead
1259 4027 1352 4072 mor-

399 4109 443 4172 tis
472 4109 656 4191 perniciem
685 4109 875 4171 dimicaret.
931 4107 1036 4172 Inito¹
1054 4108 1173 4189 itaque
1206 4107 1353 4171 consilio

397 4209 554 4271 adierunt
573 4217 701 4290 regem,
719 4207 875 4283 comiteS,
891 4215 926 4270 et
943 4209 1105 4282 barones,
1129 4215 1164 4271 et
1187 4207 1353 4270 dixerunt
