3132 4988
400 481 467 545 324
768 495 978 544 onnouroou

255 667 382 758 pegrrpg·
403 653 495 717 rexit
518 673 601 735 ergo
632 653 828 736 speculator
853 653 912 716 ille
940 654 975 715 iu
1003 651 1112 716 altum
1143 651 1179 714 iu
1204 650 1353 714 clocario

377 747 382 758 ’
405 753 553 817 abbatiae
570 754 630 817 ubi
646 772 759 817 eomes
774 752 888 816 fuerat
908 751 1116 833 hospitatus,
1133 757 1168 812 et
1191 749 1234 813 de
1259 749 1353 813 claro

244 769 391 841 W

246 851 360 892 eveum.
405 872 617 933 cognoscens
631 858 641 887 ‘
653 849 811 916 vexilla'¹
830 850 892 914 filii
906 851 997 932 regis
1013 869 1034 912 a
1049 851 1158 912 latere
1175 868 1255 926 uuo,
1271 848 1351 910 ‘de-

407 949 623 1033 posuerant'²
656 951 747 1015 enim
788 956 870 1013 tunc
902 950 972 1013 alia
1001 949 1142 1024 vexilla,
1163 957 1199 1011 et
1223 947 1354 1011 vexilla

408 1051 541 1114 comitis
571 1049 776 1115 Glocestriae
813 1068 835 1110 a
866 1047 974 1112 latere
1007 1048 1129 1123 altero,
1153 1053 1187 1109 et
1222 1045 1352 1110 vexilla

408 1149 564 1212 similiter
586 1149 717 1230 Rogeri
743 1149 785 1212 de
808 1147 991 1210 Mortimer
1014 1147 1057 1209 ab
1079 1145 1255 1209 occidente
1272 1152 1307 1207 et
1333 1164 1355 1207 a

408 1255 520 1328 tergo,
534 1248 698 1312 clamavit
714 1247 758 1311 ad
775 1247 934 1310 comitem
949 1254 983 1308 et
1001 1245 1102 1320 dixit,
1113 1249 1136 1278 “
1150 1243 1283 1307 Mortui
1299 1262 1354 1304 su-

409 1365 485 1409 mus
501 1366 629 1423 omnes,
640 1366 708 1410 non
720 1346 811 1409 enim
821 1345 914 1410 veuit
925 1344 1016 1407 filius
1028 1351 1111 1406 tuus
1126 1352 1165 1406 ut
1180 1343 1354 1416 credebas,

410 1445 470 1508 sed
484 1445 575 1508 filius
592 1446 684 1525 regis
704 1464 749 1508 ex
771 1451 869 1527 parte
892 1463 973 1520 una,
989 1461 1102 1506 comes
1128 1439 1354 1506 Glaucestriae

410 1563 456 1606 ex
488 1543 609 1620 altera,
641 1549 677 1606 et
706 1543 868 1623 Rogerus
903 1542 945 1605 de
978 1541 1160 1604 Mortimer
1181 1539 1227 1603 eu
1258 1546 1355 1622 parte

410 1642 514 1704 tertia
521 1641 552 1720 ;''
568 1650 603 1705 et
614 1642 664 1706 ait
675 1660 799 1717 cornea,
812 1640 1056 1723 “Propitietur
1066 1640 1163 1703 Deus
1176 1640 1355 1702 animabus

412 1740 539 1803 nostris
548 1740 711 1822 quoniam
721 1758 839 1802 eorum
851 1747 932 1802 sunt
941 1758 1086 1821 corpora
1095 1738 1254 1814 nostra;''
1268 1757 1356 1820 pree·

412 1838 571 1920 cepitque
586 1845 627 1902 ut
641 1837 883 1904 confiterentur
906 1856 1036 1914 omnes,
1054 1845 1089 1901 et
1105 1847 1221 1902 essent
1243 1837 1356 1918 parati

413 1938 449 2000 in
467 1937 626 2018 proelium
644 1938 704 2021 qui
721 1956 783 2018 pro
798 1937 932 2018 legibus
948 1945 1049 2000 terrae
1075 1937 1162 2000 mori
1176 1937 1305 2000 vellent
1320 1943 1356 2000 et

413 2036 642 2118 projustitia3
655 2037 806 2119 quivero
820 2055 882 2116 per
896 2035 1014 2116 sugam
1029 2053 1067 2098 se
1080 2035 1218 2098 salvare
1233 2034 1358 2099 vellent

414 2141 449 2197 et
478 2134 540 2198 bos
567 2136 703 2217 quidem
734 2133 859 2198 liberos
885 2136 980 2198 abire
1005 2134 1188 2217 praecepit:
1212 2153 1358 2214 cumque

414 2233 666 2298 confortaretur
696 2253 718 2296 a
753 2233 979 2314 primogenito
1021 2252 1084 2296 suo
1128 2231 1281 2297 Henrico
1316 2252 1358 2296 ne

414 2331 612 2413 desperaret
640 2333 675 2395 iu
701 2340 863 2395 eventum
891 2332 998 2407 dubii,
1025 2333 1213 2412 respondit,
1241 2330 1359 2394 “Non

414 2429 572 2511 despero,
589 2429 650 2506 fili,
672 2431 732 2494 sed
749 2430 971 2512 praesumptio
993 2437 1066 2507 tua,
1088 2437 1123 2494 et
1145 2428 1359 2512 ‘superbias⁸

416 2527 561 2591 fratrum
576 2536 725 2605 tuorum,
743 2548 798 2592 me
822 2528 980 2593 adhunc
1007 2530 1107 2592 finem
1134 2549 1236 2611 quem
1263 2528 1360 2592 vides

416 2627 672 2708 perduxerunt3
697 2635 931 2704 veruntamen,
956 2634 993 2691 ut
1020 2628 1132 2703 credo,
1152 2629 1279 2692 moriar
1299 2647 1361 2709 pro

417 2725 496 2788 Deo
522 2733 559 2790 et
575 2726 749 2808 justitia.''
799 2725 990 2790 Armantur
1012 2746 1093 2808 ergo
1117 2745 1235 2789 omnes
1260 2726 1360 2790 etad

417 2824 645 2904 proeliandum
669 2824 917 2907 aliquantisper
938 2825 1145 2902 animantur,
1162 2825 1221 2888 sed
1237 2832 1271 2887 et
1285 2825 1360 2906 ipse

416 2939 492 2997 rex,
509 2922 568 3002 qui
584 2923 620 2985 iu
634 2922 793 2986 custodia
807 2924 942 2987 comitis
956 2943 1064 3005 usque
1085 2925 1120 2986 in
1140 2943 1292 3005 praesens
1306 2943 1360 2986 re-

417 3026 603 3096 manserat,
619 3022 737 3097 armis,
753 3027 793 3085 ut
808 3021 943 3098 dicitur,
962 3023 1096 3086 comitis
1122 3031 1275 3085 armatus
1295 3028 1358 3087 est.

419 3117 665 3182 Processenmt
691 3139 774 3200 ergo
797 3140 859 3202 per
884 3127 1014 3184 turmas
1037 3139 1117 3186 suas
1143 3121 1187 3183 ad
1203 3139 1359 3203 pugnau-

414 3215 499 3279 ‘dum
525 3237 588 3300 pro
616 3219 742 3300 patria,
759 3226 795 3281 et
819 3226 1004 3302 antequam
1031 3224 1042 3253 ‘
1054 3217 1259 3301 progressi'⁴
1281 3224 1362 3281 sunt

418 3316 583 3398 fugerunt
597 3316 792 3381 Wallenses
807 3336 828 3379 a
843 3318 967 3380 comite
986 3316 1126 3381 Simone
1149 3325 1185 3381 et
1204 3317 1240 3380 in
1255 3323 1364 3380 trans-

418 3415 533 3478 eundo
555 3415 682 3479 flumen
709 3418 785 3481 Dee
808 3416 907 3480 multi
933 3417 1100 3480 submersi
1125 3423 1217 3493 sunt,
1242 3423 1278 3480 et
1310 3436 1363 3479 re-

418 3513 505 3595 liqui
518 3513 630 3577 deuuo
641 3514 825 3596 baptizati:
849 3524 1008 3578 conserto
1026 3516 1145 3596 itaque
1161 3516 1262 3596 gravi
1277 3534 1365 3598 proe-

257 3621 366 3671 uheunr
419 3611 467 3675 lio
482 3620 682 3676 corruerunt
695 3613 794 3676 multi
812 3633 856 3676 ex
881 3621 980 3695 parte
997 3615 1144 3690 comitis,
1160 3614 1220 3676 sed
1237 3615 1365 3694 etipse

258 3672 362 3720 uarrowly

256 3731 345 3811 aar·

419 3728 483 3771 rex
498 3729 680 3791 percussus
694 3712 729 3773 in
745 3712 888 3792 scapula
909 3712 1072 3775 clamavit
1086 3712 1233 3789 fortiter,
1250 3712 1363 3792 “Ego

417 3825 496 3870 sum
529 3807 702 3871 Henricus
732 3809 775 3872 de
799 3809 1009 3874 Wincestria
1041 3831 1103 3873 rex
1138 3817 1266 3887 vester,
1296 3829 1365 3873 uon

419 3905 585 3970 occidatis
616 3926 671 3969 me
683 3908 716 3970 :''
743 3915 818 3971 erat
842 3909 930 3971 enim
950 3909 1002 3972 vir
1025 3899 1185 3990 simplex,
1202 3909 1366 3990 pacificus

455 4151 461 4179 ¹
478 4155 634 4217 ‘vexillum‚'
645 4155 703 4204 MS,
715 4154 782 4204 cett.
793 4155 851 4204 Tib.
939 4152 950 4182 ⁸
965 4155 1079 4204 Omitted
1090 4157 1116 4204 in
1128 4155 1186 4204 MS.
1199 4154 1330 4204 Oottffib.

452 4217 464 4247 '
480 4222 666 4287 ‘deposuerat’
677 4224 734 4274 MS.
746 4224 878 4274 Cott’l'ib.
939 4223 948 4251 ⁴
965 4225 1128 4287 ‘congressi'
1139 4225 1196 4274 MS.
1209 4225 1303 4274 Lauad.
