3122 4982
421 464 485 528 180
790 480 1000 527 cunourcou

271 645 401 736 With}
423 637 541 716 vigore
564 638 812 702 ecclesiastico
821 647 860 702 ut
879 639 1110 703 dimitteretur
1132 644 1299 718 egerunt:
1324 637 1375 699 di—

258 779 297 816 bu,
305 777 392 826 pm„
423 735 547 798 missus
573 756 656 817 ergo
685 745 720 801 et
747 737 830 800 foris
860 738 1012 802 dolorem
1040 744 1209 818 quantum
1237 743 1376 818 poterat

258 828 412 876 *ΝΜΟ
406 833 642 898 dissimulans
676 855 745 916 quo
780 838 874 899 intus
910 838 1074 900 urebatur
1109 831 1374 899 transfretavit.l

424 932 589 1014 Tyranno
604 933 778 1015 igiturqui
788 955 929 1015 regnum
944 936 1144 998 turbaverat
1160 933 1375 1015 propulsato,

261 1035 389 1126 ffflfft
424 1031 577 1112 episcopi
607 1040 640 1095 et
669 1033 854 1113 optimates
885 1053 963 1095 cum
994 1032 1017 1097 J
1020 1032 1153 1096 ohanne
1186 1030 1376 1094 Londoniis

261 1137 356 1175 Medm-
425 1131 626 1210 congregati
655 1130 697 1194 de
727 1133 824 1210 regni
847 1132 1061 1194 ordinatione
1087 1137 1237 1193 tractare
1259 1147 1374 1209 coepe-

262 1229 404 1318 {yffi
424 1236 515 1292 runt.
568 1228 643 1291 Et‘
653 1229 773 1309 primo’
779 1227 946 1310 ²quidem
970 1230 1014 1292 ab
1032 1229 1190 1293 omnibus
1205 1228 1297 1307 regis
1314 1227 1375 1289 Ri-

262 1328 399 1417 {fffgdffl
426 1325 521 1390 cardi
548 1328 689 1407 propter
719 1325 894 1392 Christum
928 1327 1180 1410 peregrinantis
1209 1325 1376 1389 fidelitate

262 1427 389 1516 gpfflr
422 1423 553 1506 jurata,
594 1427 691 1505 regni
728 1425 1058 1490 administrationem
1100 1423 1374 1504 Rothomagensi

427 1522 698 1604 archiepiscopo,
724 1543 826 1604 quem
849 1525 893 1587 ad
918 1525 1018 1589 hoc
1008 1543 1121 1605 rpsum
1145 1523 1235 1586 idem
1261 1540 1374 1584 rexa

427 1620 544 1683 Sicilia
561 1621 596 1683 in
611 1620 773 1702 Angliam
789 1623 940 1699 miserat,
958 1624 1096 1687 decreto
1112 1621 1284 1685 communi
1303 1629 1374 1683 tra-

426 1718 603 1798 diderunt3
628 1721 818 1802 amotisque
840 1723 1004 1784 ministris
1025 1721 1213 1804 tyrannicis
1235 1721 1375 1802 provin-

427 1818 561 1890 ciarum,
572 1821 725 1900 regimen
740 1820 861 1883 melius
878 1821 1029 1884 ordinari
1045 1821 1240 1883 voluerunt.
1288 1817 1376 1894 Qui-

326 1955 329 1962 *
425 1919 490 1981 bus
516 1919 602 1982 actis
626 1916 791 1999 Anglia
781 1939 817 1981 m
843 1920 975 1982 cunctis
1002 1920 1126 1982 finibus
1152 1918 1225 1980 suis
1253 1936 1374 1998 pacem

425 2017 564 2098 recepit,
596 2024 631 2080 et
662 2019 726 2081 sub
760 2019 857 2081 novis
884 2019 1073 2082 rectoribus
1107 2016 1240 2081 decenti
1271 2016 1378 2096 coepit

426 2115 656 2180 moderamine
683 2117 876 2196 gubernari,
897 2117 997 2179 malis
1019 2116 1174 2198 plurimis
1194 2134 1271 2177 cum
1297 2114 1376 2194 ipso

426 2215 574 2294 tyranno
591 2215 720 2296 pariter
735 2214 917 2278 eliminatis
934 2215 1039 2297 juxta
1060 2214 1145 2278 illud
1169 2212 1377 2287 Salomonis,

427 2317 450 2345 “
462 2312 558 2394 Ejice
573 2312 770 2388 derisorem,
787 2319 822 2375 et
835 2315 944 2376 exibit
955 2333 1032 2376 cum
1048 2333 1089 2376 eo
1099 2313 1276 2396 jurgium
1302 2331 1377 2375 ces-

428 2411 621 2491 sabuntque
643 2429 757 2474 causae
773 2419 807 2474 et
825 2413 1054 2475 contumeliae.
1057 2412 1078 2438 ''
1083 2409 1096 2444 ³
1142 2409 1378 2474 Cancellarius

427 2509 568 2572 autem
558 2528 595 2571 m
612 2510 849 2572 transmarinis
865 2510 1010 2592 positus,
1026 2528 1193 2591 suamque
1208 2515 1378 2589 tanquam

427 2607 471 2670 ad
494 2608 623 2670 domini
645 2608 736 2690 regis
760 2615 900 2690 propter
927 2608 1100 2672 Christum
1125 2608 1377 2689 peregrinantis

427 2707 600 2788 injuriam,
616 2707 774 2783 dedecus
787 2715 823 2770 et
838 2708 1088 2789 expulsionem,
1103 2707 1269 2787 regnique
1279 2725 1300 2766 a
1313 2704 1336 2769 J
1339 2725 1375 2768 o

266 2817 402 2866 Lonrchamr
427 2803 566 2867 hanna
556 2805 783 2881 invasionem,
800 2826 862 2887 per
878 2807 1020 2869 nuncios
1036 2807 1071 2868 in
1088 2806 1230 2868 auribus
1248 2803 1378 2866 domini

265 2872 385 2916 repledellt!

265 2917 416 2965 huexrumon
428 2921 529 2984 papae
553 2902 719 2966 Celestini
738 2904 950 2986 deploravit3
976 2903 1187 2984 redditisque
1207 2903 1272 2966 sibi
1292 2903 1379 2964 vici-

265 2967 378 3056 ‘diffide
428 3003 492 3064 bus
523 3001 614 3064 sedis
646 3003 845 3084 apostolicae
876 3022 963 3084 quas
993 3005 1057 3066 sub
1077 3021 1171 3084 papa
1197 3001 1379 3065 Clemente

428 3101 605 3178 habuerat,
633 3121 695 3182 pro
719 3103 908 3166 coercendo
936 3101 960 3166 J
963 3102 1095 3166 ohanne
1121 3108 1157 3164 et
1180 3099 1379 3164 revocando

427 3199 463 3264 in
479 3201 659 3282 pristinum
675 3208 804 3265 statum
819 3221 916 3282 regni
907 3198 1073 3281 Anglici
1086 3200 1291 3280 rescriptum
1309 3199 1378 3262 for-

429 3301 596 3364 tissimum
632 3300 850 3382 impetravit;
892 3319 1011 3362 verum
1047 3298 1136 3361 ide'm
1173 3298 1378 3410 rescriptum

429 3398 577 3480 quadam
594 3400 831 3480 cpiscoporum
850 3396 987 3478 Angllae
1004 3396 1140 3461 cautela
1157 3395 1316 3458 delusum
1331 3396 1379 3458 vi-

266 3517 403 3556 anuavours
429 3499 522 3560 ribus
541 3497 663 3561 caruit.
715 3498 849 3562 Vidcns
873 3497 981 3578 igitur
996 3516 1019 3560 a
1034 3516 1072 3560 se
1088 3494 1173 3558 nihil
1195 3495 1255 3574 agi
1274 3513 1380 3575 posse

265 3567 412 3606 ‘mmm‘
429 3594 451 3658 J
455 3595 590 3658 ohanne
608 3595 766 3672 adverso,
781 3615 842 3679 per
859 3595 1091 3659 clandestinos
1109 3594 1255 3657 nuncios
1270 3591 1383 3656 collu-

465 3845 889 3908 ¹AccordingtoBrompton‚al'ter
914 3847 1006 3908 Script.
1031 3851 1112 3906 12283
1138 3846 1205 3894 Rad.
1224 3845 1256 3894 de
1278 3845 1387 3906 Diceto,

427 3919 497 3981 eight
509 3915 582 3977 days
596 3917 785 3975 rmprrsonment
796 3915 888 3969 Prrnce
914 3917 995 3978 Imag.
1014 3916 1094 3978 Hist,
1111 3915 1183 3964 Hist.
1200 3914 1268 3976 Ang.
1286 3915 1387 3976 Script.

426 3989 496 4038 John
510 3985 673 4036 commanded
690 3984 732 4033 the
748 3983 890 4033 chancellor
914 3989 971 4033 665.

427 4059 495 4106 tobe
504 4062 542 4106 set
550 4061 577 4106 at
587 4055 695 4114 liberty
712 4054 743 4103 he
752 4054 905 4103 emberked
951 4051 1080 4114 ’‘prins‚'
1090 4051 1167 4100 MSS.
1175 4051 1241 4102 Coll.
1249 4052 1320 4101 Arm.
1329 4055 1389 4102 and

427 4127 466 4175 for
493 4123 641 4185 Normandy
662 4138 695 4171 on
716 4123 759 4170 the
782 4122 842 4172 aoth
864 4123 893 4170 ol
914 4122 981 4172 Cott.
987 4122 1045 4171 Tib

378 4224 382 4231 ·
429 4195 547 4243 October.
581 4194 728 4272 Brompton
740 4191 809 4241 Hist.
821 4192 887 4253 Aug.
940 4189 1053 4242 ³Pr0v.
1065 4191 1130 4239 xxii.
1143 4193 1182 4237 ll).

758 4324 769 4350 s
