3122 4982
408 461 586 512 wnnrnnr
601 463 648 510 nn
671 451 1153 516 narrandarum

195 635 286 680 anno
321 617 461 682 Domini
496 635 666 682 nwcxcrx
718 619 845 702 Siequa
871 618 927 683 leo
959 619 1055 684 ferox
1090 623 1151 704 qui
1175 638 1315 730 {roffi

200 716 319 780 vivens
339 717 534 799 incorpore
550 737 610 781 eor
627 724 663 781 et
684 719 836 782 animum
860 717 967 784 leonis
990 707 1319 785 hebuber-²⁴

198 811 414 892 ferebatur'
420 814 430 850 ¹
447 835 510 898 per
530 815 736 881 industriam
751 815 890 881 discreti
913 819 1084 901 pontilicis
1106 821 1150 884 ad

199 912 376 978 Christum
410 914 572 996 dirigitur
597 914 695 978 velut
723 933 835 996 agnus
868 917 1082 995 mitissimus,
1114 927 1151 983 at

196 1014 368 1093 poenitens
385 1014 569 1095 gloriosus.
615 1011 748 1077 Audito
767 1013 886 1096 inque
900 1035 1037 1081 rumore
1057 1037 1149 1082 mor·

196 1112 242 1178 tis
258 1112 335 1195 ejus
352 1113 388 1176 in
402 1113 498 1176 curia
512 1112 604 1194 regis
623 1111 780 1176 Franciaa
795 1113 908 1194 gavisi
925 1123 1007 1180 sunt
1021 1116 1148 1196 gaudio

196 1229 324 1294 magno
351 1210 463 1288 valde,
489 1219 524 1276 et
548 1212 882 1292 congratulabantur
904 1214 979 1296 regi
1004 1232 1068 1278 suo
1095 1215 1146 1278 di-

195 1322 325 1387 eentes,
341 1309 605 1376 “Gaudendum
627 1316 681 1372 est
702 1310 775 1388 tibi,
795 1310 825 1373 Ο
846 1329 918 1390 rex,
939 1313 1021 1394 quia
1038 1297 1147 1378 bostis

196 1416 277 1471 tuus
301 1409 461 1472 immanis
481 1409 614 1473 tonuit
630 1416 668 1472 et
690 1417 846 1473 mortuns
870 1411 958 1474 est.''
1011 1410 1147 1490 Quibus

194 1526 269 1584 rex,
285 1513 309 1542 “
324 1507 406 1573 Non
432 1507 515 1572 mihi
535 1506 733 1590 ‘quidem‘
758 1508 977 1590 gaudendum
1006 1519 1058 1574 est
1086 1511 1145 1574 sed

193 1607 309 1687 potius
327 1606 588 1683 condolendum,
603 1608 686 1689 quia
702 1608 833 1673 corruit
849 1609 1008 1690 princeps
1024 1609 1148 1674 nobilis

192 1712 228 1768 et
249 1705 348 1772 miles
370 1707 541 1770 strenuior
558 1704 667 1772 totins
690 1705 983 1786 Christianitatis;
1006 1715 1042 1771 et
1067 1707 1148 1773 licet

193 1803 229 1868 in
259 1824 324 1870 suo
353 1801 576 1888 ‘tempore'⁸
603 1825 682 1868 eum
716 1804 761 1868 ad
794 1812 931 1887 tempus
963 1807 1146 1884 sensissem

192 1903 440 1980 adversarium,
465 1905 648 1986 sperabam
678 1911 794 1967 tamen
818 1922 897 1966 eum
921 1903 1004 1966 mihi
1029 1903 1146 1966 haberi

193 2021 297 2082 posse
328 2010 362 2068 et
389 2003 561 2068 hominem
590 2011 624 2067 et
651 2004 820 2068 amicum:
856 2001 953 2066 vobis
977 2002 1080 2066 etiam
1110 2003 1148 2065 in

194 2109 307 2164 morte
336 2103 444 2184 ipsius
470 2102 598 2166 doloris
622 2101 766 2166 materia
794 2107 872 2164 orta
896 2107 960 2176 est,
981 2101 1062 2182 quia
1086 2102 1145 2181 qui

193 2207 316 2264 contra
339 2220 417 2264 eum
443 2208 478 2265 et
497 2200 678 2286 stipendiis
698 2201 783 2264 meis
801 2197 1006 2284 jamdudum
1029 2217 1146 2281 sump-

192 2299 390 2362 tuosissime
418 2299 605 2377 militastis,
628 2319 719 2364 nune
743 2299 890 2381 propriis
912 2299 1059 2381 potestis
1082 2300 1145 2362 sti-

193 2397 327 2479 pendiis
359 2398 540 2464 militare.”
598 2398 644 2464 Et
672 2398 722 2464 sle
754 2397 922 2462 licentiati
954 2397 1144 2462 incidenter

193 2496 378 2562 doluerunt
406 2499 466 2580 qui
502 2497 682 2562 materiam
713 2495 830 2561 solatii
859 2497 1014 2560 intexere
1037 2498 1147 2560 ‘nite-

193 2593 363 2660 bantur.’⁴
408 2596 625 2660 Interfector-i
640 2596 745 2659 etiam
767 2595 876 2676 ipsius
897 2595 988 2675 regis
1004 2595 1147 2658 Ricardi

193 2693 275 2758 dum
312 2713 439 2776 magna
474 2715 511 2758 se
551 2695 715 2759 meruisse
752 2693 955 2770 crediderat,
988 2693 1037 2757 ait
1069 2713 1146 2771 rex,

192 2792 323 2871 “Quia
353 2795 541 2877 principem
573 2793 845 2858 strenuissimum
868 2793 1045 2868 'occidisti
1078 2811 1147 2856 non

194 2894 332 2976 quidem
355 2895 390 2958 in
414 2895 505 2960 bello
527 2892 588 2956 sed
611 2893 647 2955 in
673 2891 764 2970 dolo,
787 2893 880 2956 mala
907 2901 1017 2957 morte
1043 2892 1145 2956 mori-

193 2993 260 3055 eris
271 2993 308 3057 :'’
331 2994 577 3076 praeoepitqua,
594 2998 651 3056 ‘et
673 2991 770 3072 equis
787 3000 919 3056 tractus
936 2992 1146 3058 dilaceratus

193 3105 258 3167 est,
274 3099 307 3155 et
324 3092 368 3155 ad
382 3093 497 3157 furcas
512 3087 742 3174 suspensus!⁵

197 3372 202 3378 -
228 3339 277 3404 m
294 3290 489 3403 raanan
504 3337 597 3423 aya
611 3336 776 3499 JZQ
792 3343 820 3401 a
836 3331 981 3418 quma
995 3331 1106 3396 aaut

569 3440 635 3500 Art
655 3455 747 3499 nrum

242 3589 385 3672 Mortuo
417 3608 499 3672 rege
529 3586 681 3652 Ricardo
712 3594 747 3648 et
780 3583 968 3666 sepulturae
1001 3580 1141 3658 tradito,
1155 3593 1199 3634 ¹¹1¹
1154 3595 1249 3690 ¹¹⁸{3
1248 3593 1298 3684 ur·

190 3687 371 3752 lohannes
402 3688 509 3752 frater
534 3687 609 3770 ejus
636 3686 747 3750 sciens
776 3703 814 3748 se
842 3702 909 3748 non
936 3681 1072 3748 admitti
1097 3680 1142 3744 ad

189 3806 333 3870 regnum
348 3807 371 3850 a
391 3788 610 3870 magnatibus
628 3792 730 3850 terrae
749 3781 952 3865 Anglicanae
967 3801 1045 3845 cum
1062 3800 1141 3863 pro·

231 3988 236 4010 ⁸
250 3993 365 4059 ‘fertum'
377 3996 434 4047 MS.
446 3995 514 4046 corr.
524 3996 582 4045 Tib.
713 3991 723 4021 ⁴
740 3985 925 4049 ‘videbantun’
940 3987 997 4036 Ma.
1010 3985 1105 4034 Lansd.

223 4094 370 4161 ”aaa
383 4097 588 4150 Ms-cottrb·
679 4054 1142 4189 „iittqlttttliillil

221 4198 232 4231 ³
248 4201 374 4262 Supplied
385 4201 448 4250 iram
457 4201 514 4250 MS.
522 4200 652 4250 Goaria.
680 4200 738 4251 MS.
751 4197 846 4248 Lausd.
959 4216 961 4220 ¹
