3122 4982
381 489 550 537 WAla'l'Elil
573 489 621 536 DE
644 489 927 537 uuutuouunou.
1057 475 1124 540 245

167 651 310 708 mentes.
372 646 503 710 Verum
537 647 670 712 interea
704 645 907 711 Innocentio
939 644 1120 716 defunctc¹
1179 671 1244 712 ιοιι.

166 752 201 807 02
229 742 408 809 Honorio²
434 746 621 810 sublimato
648 747 683 809 in
712 764 883 808 summum
910 747 1120 829 pontificem,
1138 720 1287 788 Q

166 843 460 908 confirmationem
494 844 624 908 ordinis
658 863 750 908 anno
775 843 915 909 Domini
948 863 1116 914 mocxvn

167 960 189 1004 a
218 943 384 1023 praedicto
417 943 575 1008 Honorio
601 943 710 1007 ‘idem
739 943 979 1008 Dominicus'³
1010 945 1119 1028 impe-

166 1041 285 1105 travit.
339 1041 495 1107 Tandem
531 1061 613 1107 vero
638 1043 939 1126 appropinquante
968 1045 1120 1126 peregri·

167 1140 317 1204 nationis
351 1160 424 1206 sum
465 1142 622 1217 termino,
657 1141 749 1225 apud
786 1141 980 1206 Bononiam
1019 1145 1120 1224 gravi

167 1241 323 1320 corporis
345 1240 543 1306 infirmitate
560 1241 799 1322 languescens,
815 1240 1016 1306 convocatis
1033 1242 1119 1306 duo-

166 1338 276 1402 decim
294 1357 339 1401 ex
354 1335 526 1404 conventu
547 1339 711 1404 iratribus
734 1345 979 1404 testamentum
996 1339 1117 1425 hujus-

166 1437 260 1501 modi
276 1437 430 1503 condidit
439 1439 579 1519 dicens;
603 1444 625 1475 “
636 1439 726 1504 Haec
740 1446 823 1502 sunt
837 1457 915 1522 qnae
927 1440 1025 1504 vobis
1042 1448 1117 1504 tan·

166 1555 269 1617 quam
286 1536 365 1600 liliis
388 1537 606 1602 haereditario
621 1538 703 1622 jure
725 1538 934 1620 possidenda
948 1539 1115 1621 relinquo,

166 1636 346 1700 caritatem
369 1636 506 1714 habete,
532 1635 762 1700 humilitatem
788 1645 937 1715 servate,
963 1658 1113 1722 pauper-

165 1742 273 1799 tatem
293 1734 523 1800 voluntariam
547 1735 758 1820 possidete.”
810 1735 904 1800 Illud
922 1738 1027 1802 etiam
1045 1757 1115 1819 qua

167 1835 281 1915 potuit
304 1835 517 1900 districtione
543 1835 718 1918 prohibuit
743 1855 785 1898 ne
811 1835 889 1917 quis
905 1853 1057 1917 unquam
1079 1837 1116 1900 in

164 1951 229 1997 suo
263 1933 384 1998 ordine
414 1935 650 2018 possessiones
685 1935 862 1998 induceret
895 1934 1116 2016 temporales,

163 2032 439 2097 maledictionem
462 2034 530 2098 Dei
555 2034 800 2115 omnipotentis
827 2041 863 2098 et
890 2051 989 2096 suam
1017 2035 1115 2098 terri-

163 2131 281 2196 biliter
305 2133 498 2216 imprecans
516 2134 548 2197 ei
573 2134 633 2215 qui
659 2133 932 2197 Praedicatorum
959 2131 1115 2196 ordinem

163 2236 377 2295 terrenarum
402 2232 601 2297 divitiarum
626 2232 769 2314 pulvere
794 2237 1017 2313 praesumeret
1042 2250 1116 2296 ma·

163 2331 301 2395 colare·
336 2331 480 2412 proinde
512 2331 556 2396 ad
587 2337 778 2394 extremam
810 2331 931 2396 horam
962 2327 1114 2409 veniens,
1128 2344 1269 2442 magm-

164 2449 257 2494 anno
289 2431 430 2494 Domini
471 2447 641 2495 uwooxxr
671 2429 878 2495 dormivit
869 2449 905 2495 tn
938 2450 1024 2513 pace
1060 2451 1114 2496 se·
1100 2423 1278 2495 -2021222

163 2531 352 2611 pultnsque
381 2536 434 2594 est
464 2529 601 2595 ibidem
654 2527 818 2593 Ordinem
841 2548 925 2593 vero
953 2530 1114 2594 Fratrum
1139 2543 1166 2583 A
1174 2543 1200 2583 1>
1211 2546 1267 2584 2222

164 2628 340 2693 Minornm
367 2629 497 2712 incepit
528 2630 650 2694 beatus
678 2628 921 2692 Franciscus
911 2647 947 2690 ιο
974 2629 1168 2697 civitatens
1127 2609 1255 2698 middle

164 2725 273 2792 Asisii
289 2729 348 2792 ubi
362 2736 398 2792 et
415 2728 580 2793 oriundus
600 2727 687 2792 fuit:
712 2728 772 2810 qui
799 2747 878 2791 cum
903 2713 1038 2792 audiret
1059 2708 1188 2792 diem

163 2827 314 2910 quadam
338 2846 381 2891 ea
404 2847 482 2910 quae
505 2827 664 2892 dominus
679 2827 859 2910 discipulis
875 2827 948 2891 suis
965 2826 1008 2890 ad
1025 2846 1114 2910 prae-

163 2926 347 2990 dicandum
371 2927 486 2991 missis
510 2927 648 2992 locutus
672 2934 737 3003 est,
754 2927 873 2992 statim
891 2927 935 2991 ad
954 2927 1116 2991 universa

164 3026 337 3090 servanda
369 3032 443 3090 tota
461 3026 589 3091 virtute
614 3027 816 3108 consurgit:
849 3025 954 3090 solvit
968 3027 1114 3090 ‘calcia-

164 3124 356 3188 mentum‘
387 3125 430 3190 de
460 3125 618 3209 pedibus,
650 3125 771 3188 tunica
802 3118 929 3186 ‘una'⁵
961 3124 1022 3187 sed
1055 3124 1115 3188 vili

163 3223 330 3301 induitur,
369 3233 405 3288 et
437 3244 500 3307 pro
539 3225 688 3306 corrigia
725 3222 876 3286 mutavit
911 3220 1115 3297 funiculum,

164 3323 381 3406 instituitque
426 3323 551 3388 iratres
590 3323 699 3407 juxta
749 3320 892 3384 eandem
937 3314 1114 3383 civitatem

164 3419 330 3498 Asisium,
363 3423 455 3505 apud
492 3428 647 3487 sanctam
686 3421 836 3485 Mariam
871 3417 914 3483 de
952 3418 1114 3483 Portion-

164 3520 255 3597 cula,
287 3540 377 3585 anno
413 3522 554 3586 Domini
587 3537 721 3586 mccvi.
754 3518 977 3603 pontificatus
1009 3517 1115 3582 Inno-

163 3620 269 3683 centii
303 3620 396 3684 tertii
427 3640 517 3684 anno
552 3611 647 3683 ιιιιι.ὀ
676 3639 698 3683 0
729 3639 799 3701 quo
826 3625 862 3682 et
892 3619 1115 3684 confirmatus

195 3891 205 3925 ¹
227 3895 351 3944 Innocent
371 3895 426 3945 111.
448 3894 508 3943 died
530 3907 562 3943 00
583 3893 627 3943 210
686 3890 696 3920 ³
712 3891 837 3953 Supplied
848 3891 912 3940 from
924 3890 982 3940 MS
994 3889 1089 3938 10001.

163 3965 222 4015 1oth
233 3977 262 4013 or
274 3964 333 4013 1221
344 3964 454 4027 01101
466 3968 540 4014 12121.
687 3958 913 4019 Η(00101οι00020,’
924 3958 982 4007 MS.
994 3958 1088 4005 Lansd.

195 4031 318 4084 ¹(leucio
345 4034 450 4096 Savelli,
471 4049 488 4082 a
512 4021 627 4082 cardinal
687 4030 724 4062 Η
731 4043 788 4091 000,
787 4025 865 4076 ’.MS
877 4027 944 4075 Gott
955 4024 1013 4073 Tib.

160 4105 249 4166 priest,
270 4103 368 4152 elected
390 4117 423 4152 00
441 4069 561 4164 'ttionday
583 4101 625 4150 the
686 4095 839 4158 ⁶'l'heyeur
855 4098 920 4143 12021
936 4092 1117 4153 comprehend-

161 4174 228 4236 1821,
240 4173 291 4221 and
302 4173 420 4222 erowned
432 4173 504 4235 Pope
516 4187 548 4223 00
559 4172 625 4221 Sun-
652 4168 684 4219 ed
696 4166 739 4215 210
750 4166 795 4214 ath
806 4165 857 4214 and
873 4163 917 4213 921
928 4163 957 4212 ot'
970 4163 1117 4212 Innocent’s

160 4244 211 4304 day
220 4209 266 4292 ’210
277 4242 338 4292 alth
349 4243 379 4291 of
386 4243 404 4292 J
406 4244 460 4304 uly
651 4237 805 4301 pontificato.
