3122 4982
432 457 499 524 206
799 469 1011 519 onnomoon

283 645 376 688 aterne
386 646 404 687 1.
431 620 565 686 animos
590 621 626 684 in
651 619 854 703 praeclaram
882 620 1043 685 fiduciam
1070 620 1194 684 erexit.
1241 618 1384 684 Interea
1443 658 1447 668 ·
1547 627 1548 636 ’

276 697 302 736 Δ.
312 697 337 736 D.
351 697 409 736 1194.

267 751 417 830 Μ
431 739 494 784 rex
535 720 749 785 Francorum
773 720 992 788 Vernullium
1030 720 1194 802 oppidum
1223 719 1380 798 obsedit3

267 831 381 920 223qu&
432 839 493 884 rex
510 826 626 884 autem
638 818 831 903 Anglorum
846 826 1025 884 contracto
1040 819 1209 904 paulatim
1224 819 1383 884 exercitu

268 929 376 970 Verneust
432 939 501 984 non
531 920 635 1002 longe
667 940 688 985 a
718 919 913 991 Vemullio,
942 919 1034 1002 apud
1072 919 1252 984 castellum
1286 919 1380 1000 quod

432 1020 559 1086 dicitur
573 1017 704 1102 Aquila
718 1026 835 1085 castra
851 1026 1001 1084 metatus
1025 1026 1087 1084 est.
1125 1087 1127 1090 ,
1140 1017 1297 1100 Cumque
1317 1037 1382 1100 per

432 1119 505 1184 dies
531 1118 665 1200 aliquot
688 1118 813 1183 ibidem
839 1119 1051 1184 consedisset
1080 1118 1293 1183 Francorum
1317 1137 1381 1182 ex-

432 1219 560 1282 ercitus
587 1219 668 1282 licet
693 1220 730 1282 in
756 1218 1014 1301 oppugnatione
1036 1217 1155 1300 oppidi
1171 1217 1281 1282 multo
1304 1235 1382 1281 cas-

433 1336 541 1400 soque
565 1317 682 1383 labore
709 1318 907 1394 sudaverat,
925 1316 1041 1382 soluta
1067 1324 1183 1382 tamen
1201 1316 1380 1382 obsidione

433 1417 597 1496 recessit;
620 1417 798 1481 nonenim
821 1417 971 1482 audebat
987 1435 1065 1482 cnm
1087 1437 1168 1499 rege
1182 1415 1379 1496 Anglorum

432 1515 558 1580 bellum
576 1517 799 1584 committere.
851 1516 963 1582 Porro
986 1536 1049 1580 rex
1074 1535 1193 1580 eorum
1212 1523 1380 1598 tanquam

433 1614 478 1679 ad
493 1615 738 1698 detergendum
752 1615 920 1698 pudendae
939 1617 1142 1681 recessionis
1158 1616 1381 1700 opprobrium

270 1734 415 1825 graffiono
433 1716 552 1779 urbem
598 1715 853 1799 Ebroycensem
890 1735 994 1798 quam
1032 1716 1128 1798 prius
1158 1707 1383 1798 'spoliaverat

268 1796 334 1875 td?
371 1795 392 1824 ν’
433 1815 602 1896 pertinaci
626 1815 742 1882 surore
768 1814 906 1892 evertit,
925 1814 1053 1899 jubens
1076 1815 1258 1880 ecclesiam
1286 1815 1383 1879 beati

432 1914 577 1982 Taurini
609 1915 691 1996 igne
724 1915 896 1981 succendi.
964 1915 1011 1980 Et
1042 1934 1120 1979 cum
1152 1933 1225 1997 prae
1257 1913 1381 1977 timore

435 2014 503 2078 Dei
528 2013 668 2078 nefariae
686 2015 855 2098 jussionis
877 2014 992 2078 nullus
1011 2025 1179 2079 executor
1202 2013 1382 2090 existeret,

433 2113 590 2195 ipsemet,
618 2134 696 2179 cum
724 2113 927 2196 quibusdam
951 2115 1094 2198 perditis
1119 2132 1164 2178 ex
1186 2113 1248 2177 illo
1270 2113 1383 2177 homi·

435 2232 516 2276 num
532 2232 656 2294 genere
673 2232 759 2294 quos
785 2213 952 2278 Ribaldos
971 2219 1109 2290 vocant,
1124 2213 1232 2276 sacris
1249 2213 1383 2276 aedibus

433 2312 549 2391 ignem
566 2313 717 2387 immisit,
736 2319 771 2377 et
788 2313 884 2376 abiit.
936 2311 1073 2395 Quippe
1095 2313 1168 2376 rex‘
1186 2309 1383 2392 Anglorum

435 2410 478 2472 de
507 2411 754 2475 munitionibus
786 2430 863 2492 quae
894 2411 946 2474 illi
974 2408 1166 2494 perierant¹
1199 2411 1383 2476 castellum

272 2518 406 2561 Richter*
435 2508 549 2573 nobile
565 2509 657 2592 quod
683 2509 819 2574 Imches
843 2511 970 2576 dicitur
986 2530 1064 2575 cum
1079 2511 1286 2593 quibusdam
1303 2511 1383 2575 aliis

271 2580 344 2609 covers
353 2569 391 2608 the

269 2618 370 2710 ffig'of
435 2607 559 2673 bellica
586 2616 680 2673 sorte
710 2609 852 2691 recepit,
879 2609 1031 2674 hostium
1059 2629 1195 2692 qnoque
1221 2611 1307 2673 fines
1331 2611 1405 2673 in-¹

352 2695 359 2709 ’
435 2727 574 2788 gressus
592 2708 766 2772 nonnullis
781 2708 918 2773 fortiter
933 2716 969 2773 et
985 2729 1149 2792 prospere
1163 2709 1270 2790 gestis
1282 2708 1384 2772 Win-

434 2805 593 2870 donicnm
616 2808 757 2871 veniens
783 2808 909 2871 ibidem
931 2827 994 2890 per·
1010 2809 1085 2872 dies
1100 2808 1233 2897 aliquot
1249 2809 1383 2872 exerci-

433 2911 505 2968 tum
523 2906 701 2972 recreavit.
747 2905 828 2969 Rex
845 2914 961 2972 autem
979 2907 1190 2972 Francorum
1205 2927 1284 2970 cum
1302 2926 1383 2971 eum

432 3003 512 3066 hinc
532 3005 652 3068 abesse
677 3011 829 3088 putaret,
852 3025 921 3070 non
946 3005 1095 3087 longc'a
1118 3005 1385 3094 ‘Windonico’²

432 3109 549 3167 castra
575 3105 703 3186 posuit,
730 3105 791 3168 sed
820 3104 959 3186 cognito
991 3125 1106 3186 regem
1133 3104 1324 3169 Ricardum
1346 3106 1385 3168 in

433 3203 576 3266 civitate
602 3222 677 3268 esse
705 3203 883 3268 confestim
909 3203 952 3268 de
976 3212 1078 3269 nocte
1093 3205 1257 3284 recessit;
1284 3223 1387 3269 mane

433 3321 515 3368 vero
543 3303 637 3368 facto
664 3322 727 3366 rex
753 3300 949 3385 Anglorum
977 3305 1160 3368 abeuntem
1190 3304 1384 3368 exercitum

433 3409 648 3483 prosecutus,
675 3402 767 3483 regis
790 3402 953 3483 fugientis
980 3404 1137 3486 plaustra
1161 3410 1196 3466 et
1223 3403 1384 3481 clitellas,

419 3520 513 3563 cum
536 3501 741 3583 quibusdam
767 3503 902 3566 arcanis
926 3509 962 3566 et
987 3521 1074 3585 gana
1099 3501 1295 3584 multiplici,
1323 3522 1386 3566 va-

270 3615 423 3707 iaqumu·
435 3599 555 3679 risque
585 3600 789 3682 supellectili
812 3601 1080 3684 comprehendit.
1132 3601 1262 3665 Eodem
1296 3608 1385 3688 tem-

321 3677 350 3716 ῃ
389 3677 423 3705 Μ’
436 3715 518 3778 pore
534 3698 793 3778 inquietabatur
808 3721 871 3765 rex
888 3699 1082 3783 Anglorum
1101 3701 1137 3764 in
1154 3697 1349 3782 Aquitania
1363 3721 1386 3764 a

438 3793 603 3860 Gcofrido
621 3797 844 3862 Ranconensi
861 3806 895 3863 et
918 3820 940 3864 a
962 3801 1089 3865 comite
1107 3799 1385 3881 Engolesmensi,

437 3915 514 3960 cum
543 3896 748 3977 quibusdam
781 3897 994 3963 Francorum
1023 3901 1074 3963 eis
1102 3898 1294 3983 adjunctis3
1325 3900 1387 3964 ubi

436 4015 514 4060 cnm
528 3997 684 4061 exercitu
698 3997 838 4062 veniens
854 3997 945 4062 filins
960 3999 1054 4081 regis
1065 3997 1267 4076 Naverniae,
1278 3998 1390 4063 frater

472 4232 479 4262 ¹
499 4236 573 4283 From
582 4235 644 4302 περὶ
655 4237 705 4286 and
716 4252 777 4286 sum.
907 4233 912 4304 Ι
963 4234 973 4264 ²
990 4235 1168 4302 ‘Vindonico,'
1175 4237 1233 4288 MS.
1241 4237 1309 4288 Coll.
1316 4240 1393 4291 Arm.
