3122 4982
398 464 464 528 24⁰
774 475 984 524 CHRONlGON

247 647 371 736 niihiin
398 635 509 717 patris
547 635 655 698 nostri
698 632 827 696 domini
866 631 1030 696 Nicholai
1080 631 1353 696 Tusculanensis

134 776 137 780 -
232 724 380 818 W
399 735 551 817 episcopi
578 732 779 815 apostolicae
807 731 899 795 sedis
925 731 1045 813 legati,
1079 739 1114 795 et
1150 731 1350 814 Pandulphi

234 828 371 870 ¹¹¹*''”¹''¹⁰¹¹·
398 824 527 899 domini
542 852 642 916 papae
662 831 862 895 subdiaconi
881 838 916 893 et
935 830 1128 907 familiaris,
1149 831 1350 894 fidelitatem

397 932 570 1017 praedicto¹
593 932 732 995 domino
746 938 873 1026 ,nostro
897 949 999 1012 papae
1024 930 1229 994 Innocentio
1256 929 1349 1013 ejus-

396 1053 466 1115 que
480 1031 658 1096 catholicis
675 1029 930 1093 successoribus
946 1049 987 1092 ac
999 1030 1153 1092 ecclesiae
1168 1027 1350 1106 Romana,

398 1130 585 1196 secundum
601 1130 832 1210 subscriptam
850 1127 996 1192 formam
1012 1128 1154 1192 fecimus
1166 1135 1201 1191 et
1213 1127 1349 1210 juravi-

400 1250 486 1295 mus.
533 1230 580 1294 Et
595 1229 792 1310 homagium
810 1226 935 1290 ‘etiam
946 1227 968 1260 '¹
988 1228 1108 1309 ligium
1125 1228 1268 1300 fecimus
1285 1247 1351 1308 pro

399 1329 573 1412 praedictis
590 1329 705 1408 regnis
726 1327 863 1391 domiuo
882 1334 998 1390 nostro
1018 1345 1119 1410 papae
1143 1325 1349 1389 Innocentio

399 1448 461 1509 per
492 1447 614 1490 manus
645 1427 801 1508 praedicti
826 1425 945 1506 legati,
971 1425 1048 1490 loco
1072 1432 1108 1489 et
1135 1425 1211 1489 vice
1237 1425 1350 1507 ipsius

399 1527 530 1591 domini
550 1544 650 1608 papae
670 1524 877 1606 recipientis,
902 1524 1057 1607 publice3
1081 1542 1296 1588 successores
1315 1531 1351 1588 et

400 1624 553 1690 haeredes
569 1631 705 1688 nostros
721 1624 764 1687 de
778 1642 888 1687 uxore
901 1630 911 1658 ⁶
923 1631 1042 1688 nostra
1058 1621 1084 1658 ’⁹
1098 1624 1133 1687 in
1144 1630 1351 1705 perpetuum

400 1725 605 1806 obligantes,
635 1732 676 1787 ut
697 1722 801 1786 simili
824 1723 925 1786 modo
947 1741 1082 1786 summo
1108 1722 1262 1805 pontifici
1289 1724 1351 1803 qui

401 1844 465 1907 pro
493 1831 647 1906 tempore
675 1822 790 1897 lirerit,
816 1828 854 1885 et
878 1822 1032 1885 ecclesiae
1064 1822 1243 1898 Romanae,
1274 1820 1351 1884 sine

401 1922 674 1988 contradictione
702 1922 850 1985 debeant
878 1920 1079 1984 fidelitatem
1105 1929 1282 2003 praestare,
1315 1927 1352 1984 et

402 2023 599 2104 homagium
630 2038 886 2102 recognoscere.
945 2019 1001 2084 Ad
1034 2020 1196 2084 indicium
1232 2026 1351 2082 autem

401 2121 506 2205 huJus
524 2122 596 2184 ‘rei
620 2117 694 2184 et'³
711 2126 839 2183 nostrae
866 2127 1043 2202 perpetuae
1070 2119 1292 2200 obligationis
1315 2126 1352 2183 et

399 2220 631 2284 concessionis
661 2227 801 2294 nostrae,
833 2217 992 2281 volumus
1027 2226 1062 2282 et
1091 2218 1285 2283 stabilimus
1313 2225 1352 2281 ut

401 2319 444 2382 de
462 2318 609 2401 propriis
623 2322 658 2380 et
673 2317 879 2398 specialibus
897 2316 1086 2381 redditibus
1109 2316 1351 2399 praedictorum

400 2437 585 2499 regnorum
609 2423 817 2491 nostrorum,
839 2434 901 2498 pro
923 2417 1015 2479 omni
1041 2417 1182 2480 servitio
1210 2422 1245 2479 et
1268 2434 1352 2479 con-

400 2516 582 2582 suetudine
608 2515 700 2598 quod
726 2534 789 2597 pro
811 2515 896 2596 ipsis
918 2514 1031 2578 facere
1053 2514 1227 2591 debemus,
1250 2514 1352 2578 salvo

402 2637 464 2700 per
479 2617 597 2680 omnia
612 2615 754 2679 denario
769 2615 882 2678 sancti
898 2613 1008 2690 Petri,
1024 2614 1171 2678 ecclesia
1188 2612 1352 2677 Romana

400 2715 495 2780 mille
513 2711 705 2780 ‘marcas'³
721 2713 963 2793 sterlingorum
979 2713 1148 2796 percipiat
1159 2714 1352 2790 annuatim,

399 2815 534 2878 scilieet
547 2813 583 2876 in
597 2813 687 2876 festo
703 2813 816 2875 sancti
832 2811 1015 2875 Michaelis
1030 2812 1239 2895 quingentas
1259 2831 1353 2876 mar-

397 2931 475 2987 cas,
490 2918 525 2976 et
542 2912 579 2975 in
594 2911 683 2975 sesto
701 2910 847 2974 Paschae
863 2911 1071 2993 quingentas
1093 2929 1249 2990 marcas3
1273 2930 1354 2993 sep-

399 3011 577 3091 tingentas
592 3010 724 3077 scilicet
738 3030 802 3092 pro
819 3029 923 3090 reguo
944 3008 1098 3092 Angliae,
1120 3017 1155 3076 et
1177 3017 1353 3074 trecentas

289 3139 302 3154 ·
400 3129 464 3194 pro
485 3129 593 3192 regno
617 3109 815 3187 Hiberniac3
838 3108 946 3172 salvis
972 3109 1070 3173 nobis
1096 3116 1131 3172 et
1158 3107 1354 3172 haeredibus

400 3210 541 3286 nostris,
554 3209 712 3293 justitiis,
729 3207 959 3283 libertatibus,
972 3215 1006 3271 et
1023 3208 1197 3289 regalibus
1211 3208 1352 3271 nostris.

400 3307 492 3386 Quae
509 3309 624 3374 omnia
641 3308 732 3372 sicut
751 3306 918 3389 praedicta
940 3314 1021 3370 sunt
1041 3314 1120 3371 rata
1142 3325 1218 3370 esse
1231 3306 1354 3370 volen-

401 3414 455 3472 tes
472 3427 514 3470 ac
529 3414 698 3489 perpetuo
716 3406 826 3481 firma,
841 3406 1036 3485 obligamus
1050 3425 1114 3471 nos
1136 3412 1172 3470 et
1193 3411 1355 3469 ‘succes-

401 3524 498 3569 sores
521 3513 658 3569 nostros
670 3505 698 3538 ’⁴
720 3511 842 3568 contra
864 3524 933 3566 non
954 3505 1093 3569 venire:
1122 3511 1157 3568 et
1171 3504 1200 3567 si
1218 3522 1282 3567 nos
1297 3505 1355 3568 vel

400 3603 527 3684 aliquis
542 3622 778 3667 successorum
793 3602 988 3666 nostrorum
1004 3603 1068 3668 boc
1080 3609 1250 3667 attentare
1265 3623 1356 3685 prae-

400 3701 599 3782 sumpserit,
616 3702 812 3782 quicunque
831 3701 935 3765 brerit
956 3703 1028 3779 ille,
1042 3703 1108 3766 nisi
1123 3703 1355 3768 commonitus

400 3799 584 3881 resipuerit
598 3800 700 3863 cedat
714 3819 736 3862 a
746 3799 826 3883 jure
844 3801 953 3882 regni.
1007 3801 1054 3866 Et
1068 3801 1142 3865 baec
1157 3810 1255 3865 carta
1268 3802 1356 3866 obli-

439 4075 446 4104 ι
465 4077 521 4137 cet,'
533 4076 589 4128 MS.
603 4075 697 4126 Lausd.
925 4073 936 4174 ἰ
952 4073 1066 4171 Pmitted
1078 4074 1173 4156 ihm·
1186 4074 1286 4167 Lupa.)

433 4211 448 4240 a
463 4215 589 4275 Supplied
599 4213 663 4264 from
674 4213 732 4264 MS·
744 4213 839 4264 Lmsd.
892 4211 961 4264 Con.
972 4145 1163 4264 ffiemnbm
1173 4148 1276 4208 nostras,
1300 4145 1360 4197 MS.
