3128 4992
389 466 561 514 wnnrnnr
586 465 633 511 nn
657 464 939 512 nnurucnuncfl.
1090 449 1133 511 37

184 663 232 726 De
243 663 441 726 Incestituris
453 663 678 736 Ecclesiurum,
694 671 722 724 et
737 663 871 724 Stututis
887 661 980 746 Repu
994 669 1022 724 et
1039 659 1131 724 Cleri.
1159 700 1275 788 ¹3³5„ng

1142 803 1291 814 -ι-ι-

235 808 337 873 Anno
356 811 495 875 Domini
516 828 632 875 moin.
652 819 728 874 orta
745 819 798 874 est
820 829 946 892 magna
967 811 1133 874 dissensio
1146 835 1278 873 serrariu-

186 909 275 971 inter
295 929 412 991 regem
436 919 471 974 et
491 910 692 975 Anselmum
712 910 996 975 Cantuariensem
1022 909 1132 973 archi·
1145 883 1262 924 mm*

184 1009 394 1091 episcopum,
424 1030 465 1073 eo
495 1010 586 1091 quod
612 1009 717 1073 nollet
743 1011 933 1073 consentire
958 1009 1050 1091 quod
1071 1030 1132 1072 rex

185 1107 283 1171 daret
311 1109 532 1174 investituras
568 1110 809 1186 ecclesiarum3
856 1116 1037 1190 motusque
1073 1129 1132 1172 rex

185 1209 349 1289 praecepit
380 1208 532 1272 Eborum
558 1209 813 1290 archiepiscopo
845 1215 884 1271 ut
915 1209 989 1289 ipse
1016 1227 1134 1271 conse-

185 1315 298 1370 craret
312 1309 490 1388 episcopos
511 1307 634 1388 quibus
652 1327 715 1370 rex
734 1308 873 1370 dederat
893 1307 1132 1370 investituras:

184 1406 245 1469 scd
261 1405 454 1470 Willelmus
468 1406 624 1489 Gytlard,
636 1406 709 1469 zelo
724 1406 870 1489 justitiae
893 1412 1019 1482 motus,
1033 1406 1134 1468 bene-

185 1505 365 1568 dictionem
377 1504 665 1588 ‘archiepiscopi’l
682 1505 834 1568 Eborum
846 1505 987 1586 sprevit,
997 1512 1137 1587 propter

186 1603 277 1685 quod
297 1605 429 1688 judicio
451 1607 542 1687 regis
563 1606 719 1668 omnibus
744 1605 816 1668 suis
839 1604 1006 1685 spoliatus
1029 1605 1135 1667 elimi-

186 1712 288 1768 natur
307 1724 329 1767 a
357 1724 484 1786 regno:
522 1704 707 1768 Anselmus
737 1724 817 1769 vero
849 1703 1136 1786 archiepiscopus,

187 1812 265 1885 post
279 1803 406 1868 multas
421 1805 564 1887 injurias
584 1812 619 1868 et
638 1805 792 1869 diversas
811 1803 1035 1867 contumelias
1050 1824 1137 1886 quas

186 1923 310 1984 passus
339 1911 402 1980 est,
437 1903 481 1967 ad
511 1912 670 1986 rogatum
700 1904 838 1967 tandem
867 1904 958 1984 regis
989 1903 1137 1967 Romam

188 2003 362 2084 profectus
377 2011 441 2080 cst,
457 2013 496 2068 ut
511 2004 685 2084 decretum
703 2004 829 2067 domini
853 2022 953 2085 papae
978 2003 1013 2064 in
1028 2002 1081 2064 his
1103 2011 1139 2066 et

189 2101 264 2166 aliis
288 2102 482 2166 haberetur.
536 2102 692 2184 Cumque
717 2122 875 2166 reversus
900 2122 1016 2183 regem
1039 2102 1137 2164 indu-

187 2210 280 2266 ceret
302 2211 343 2266 ut
364 2204 407 2265 ab
426 2204 571 2284 inceptis
593 2211 744 2267 cessaret
765 2203 909 2286 injuriis
924 2203 984 2266 vix
999 2201 1138 2266 tandem

187 2309 318 2366 etcum
339 2300 536 2366 difficultate
551 2303 702 2366 maxima
724 2302 910 2384 adquievit.
944 2301 1044 2365 Unde
1059 2311 1273 2384 postadun,

1149 2375 1254 2422 ruerem,

187 2403 369 2465 triennium
392 2418 445 2468 111.
461 2399 626 2465 kalendas
641 2400 804 2482 Augusti,
820 2409 1029 2482 congregato
1046 2402 1136 2464 Lon·
1148 2426 1240 2515 {fflnffi
1250 2472 1300 2512 held

188 2501 297 2564 doniis
321 2501 412 2565 clero
437 2510 473 2565 et
497 2501 636 2583 popule,
659 2503 851 2565 astantibus
873 2500 1275 2583 archiepiscoprsnnouron.

187 2608 222 2664 et
237 2601 405 2683 episcopis
427 2606 619 2682 caeteraque
636 2601 854 2664 multitudine
875 2601 1027 2664 maxima
1041 2621 1137 2682 mag-

189 2709 307 2764 natum
331 2709 367 2765 et
392 2719 583 2782 procerum,
607 2701 728 2764 annuit
749 2720 812 2764 rex
835 2708 870 2764 et
892 2701 1015 2765 statuit
1036 2707 1076 2764 ut
1093 2700 1137 2764 ab

189 2819 230 2862 eo
255 2807 408 2882 tempore
432 2800 468 2862 in
491 2807 605 2875 antea,
630 2818 804 2880 nunquam
827 2801 861 2862 in
884 2800 1052 2881 reliquum
1077 2819 1139 2882 per
1150 2815 1292 2916 qucqffi

189 2899 361 2962 dationem
388 2899 503 2962 baculi
532 2898 715 2981 pastoralis
740 2899 795 2963 vel
817 2899 934 2962 annuli
956 2900 1138 2981 quisquam
1149 2918 1197 2965 rins
1205 2915 1283 2956 forbid·

1151 2969 1200 3007 den.

188 2999 405 3062 investiretur
423 2998 466 3061 de
485 2999 685 3080 episcopatu
707 2998 760 3062 vel
779 3000 919 3062 abbatia
941 3018 1002 3081 per
1023 3019 1138 3081 regem

137 3171 139 3174 .
189 3117 251 3161 seu
279 3117 518 3179 quamcunque
548 3117 729 3179 personam
767 3098 976 3162 secularem:
1018 3118 1138 3163 conce·

188 3196 289 3260 dente
319 3217 455 3280 quoque
484 3195 648 3260 Anselmo
674 3196 929 3280 archiepiscopo
958 3205 997 3260 ut
1024 3197 1139 3261 nullus

188 3297 224 3359 in
254 3296 489 3378 praelationem
518 3297 647 3360 electus
677 3315 739 3378 pro
768 3297 927 3378 homagio
951 3296 1042 3378 quod
1066 3297 1139 3377 regi
1151 3315 1242 3364 nneop·
1251 3325 1287 3354 eu·

189 3394 319 3464 faceret
359 3397 613 3460 consecratione
643 3397 795 3476 suscepti
823 3395 961 3458 honoris
986 3365 1289 3477 privare-'ilidii

187 3502 257 3558 tur.
332 3494 530 3576 Statuitque
559 3515 621 3558 rex
651 3514 771 3577 pacem
800 3495 933 3558 firmem
964 3503 998 3558 et
1028 3494 1139 3576 legem
1151 3467 1189 3506 ‘¹¹⁶
1199 3467 1262 3515 ΚΜ

190 3602 319 3658 certam
343 3601 382 3658 ut
406 3594 436 3657 si
458 3595 493 3657 in
516 3594 608 3658 furto
632 3594 687 3658 vel
708 3594 887 3658 latrocinio
908 3594 1139 3676 deprehensus

192 3701 283 3758 esset
308 3696 397 3775 quiS,
413 3694 544 3775 absque
565 3693 796 3776 redemptione
819 3694 972 3776 qualibet
996 3714 1138 3777 suspen·

190 3792 338 3856 deretur.
384 3792 513 3856 Statuit
536 3795 638 3858 etiam
664 3802 704 3858 ut
733 3794 926 3875 quicunque
952 3794 1057 3858 falsos
1080 3795 1291 3894 de-Joqroqqutitgn·

190 3892 304 3955 narios
333 3892 445 3956 iacere
469 3892 700 3974 deprehensus
722 3893 843 3956 suisset
872 3894 992 3956 ambos
1021 3865 1286 3955 oculosthecoinarge·

191 3999 226 4055 et
251 3990 426 4054 inferiores
450 3993 602 4074 corporis
628 4001 744 4073 partes
773 3992 964 4070 amitteret;
999 3998 1034 4054 et
1059 3991 1141 4072 quia

191 4091 405 4171 eligebantur
442 4092 523 4154 boni
562 4089 702 4166 denarii,
740 4098 775 4152 et
811 4089 1006 4170 aliqualiter
1042 4089 1142 4153 fracti

456 4267 462 4296 ¹
481 4271 596 4320 Omitted
607 4272 633 4319 in
645 4270 701 4320 MS.
714 4269 780 4320 coll.
791 4270 863 4320 Arm.
