3134 4990
382 458 552 506 wnnrnm
579 460 624 504 nn
647 463 930 513 suurucunncn.
1066 453 1132 518 209

177 619 212 674 et
227 631 400 693 armorum
415 616 568 696 'gloriam
599 625 633 681 et
660 619 798 683 laudem
823 623 1035 701 affectantes,
1052 645 1129 706 pro-
1153 641 1279 732 ξῑοὲτιῦιθξ

177 712 318 775 visionis
342 714 583 779 ecclesiasticae
602 717 753 782 edictum
776 739 886 801 usque
913 723 949 785 in
975 719 1290 804 praesensssss

176 818 468 893 contempserunt.

296 1058 453 1121 Jolanoes
468 1059 547 1142 Rcyc'
556 1082 617 1143 per
632 1062 770 1126 Matrem
787 1033 1002 1138 concordatur,
1095 1067 1098 1072 ’

177 1337 181 1341 .
227 1255 356 1318 Eodem
375 1263 528 1340 tempore
544 1257 567 1320 J
570 1258 724 1322 ohannes
742 1260 849 1324 frater
865 1264 957 1344 regis
973 1262 1123 1346 Angliae,

175 1355 286 1433 ruptis
303 1363 434 1418 naturae
452 1357 599 1436 legibuS,
615 1358 689 1438 regi
705 1359 917 1423 Francorum
935 1363 1121 1448 militabam

175 1458 214 1514 at
238 1454 298 1516 ubi
329 1443 446 1534 captae
470 1463 550 1519 sunt
582 1457 788 1523 munitiones
817 1479 904 1540 quas
934 1460 1032 1524 fratri
1059 1483 1123 1528 suo
1204 1497 1209 1504 ·

175 1553 309 1614 absenti
322 1552 556 1618 fraudulenter
569 1555 770 1632 abstulerat,
781 1560 879 1638 quasi
892 1558 976 1621 nihil
993 1560 1123 1624 habens

175 1649 316 1714 effectus
343 1658 405 1714 est.
464 1651 665 1734 Vidensque
690 1675 751 1718 rex
778 1656 935 1720 Franciae
959 1659 1050 1741 quod
1079 1660 1122 1746 ari

174 1750 366 1812 nocendum
381 1750 479 1814 fratri
499 1771 563 1816 suo
586 1752 659 1833 regi
680 1755 817 1835 penitus
840 1764 932 1819 esset
953 1758 1123 1840 impotens

174 1850 305 1928 sprevit
331 1869 421 1925 eum,
444 1858 611 1932 tanquam
641 1851 683 1914 de
711 1860 835 1916 caetero
865 1874 933 1917 non
966 1856 1122 1936 indigens

174 1949 334 2027 operibus
352 1949 445 2011 suis:
470 1960 504 2012 et
520 1970 599 2014 cum
615 1950 759 2014 vidisset
775 1971 853 2015 eum
871 1953 1121 2035 deprehensum

172 2052 207 2112 et
234 2046 375 2110 fratrem
401 2067 500 2110 suum
529 2049 565 2111 in
588 2052 720 2114 cunctis
748 2059 1020 2134 prosperantem,
1048 2073 1119 2117 me-

171 2144 287 2208 diante
302 2153 423 2222 matre,
435 2148 582 2228 supplex
596 2149 650 2211 ad·
656 2149 797 2213 fratrem
810 2151 920 2227 rediit,
936 2158 971 2215 et
984 2153 1028 2215 ab
1043 2153 1119 2235 ipso

171 2245 322 2308 fraterne
350 2254 543 2328 susceptuS,
570 2250 601 2311 ei
630 2248 673 2312 de
699 2257 827 2312 caetero
854 2259 976 2314 contra
1002 2272 1117 2332 regern
1132 2277 1273 2340 renuerem

172 2342 385 2412 Francorum
404 2345 549 2409 fideliter
575 2353 610 2409 et
634 2346 768 2411 fortiter
790 2349 962 2426 militavit,
985 2351 1118 2432 priores
1131 2331 1275 2419 llll⁰l5t¹²⁶

171 2461 334 2506 excessus
350 2445 448 2506 novis
466 2443 585 2508 officiis
601 2447 759 2529 expianS,
777 2455 812 2511 et
826 2448 1014 2514 fraternam
1030 2452 1065 2513 in
1081 2471 1118 2514 se
1130 2428 1185 2468 ‘¹²²¹'

170 2541 349 2609 caritatem
367 2543 566 2626 adplenum
584 2545 783 2611 reformans,

421 2800 470 2863 Dc
484 2801 529 2863 M
526 2809 589 2864 orte
603 2800 704 2864 Dacis
718 2803 866 2868 Austriae.

222 2989 352 3054 Eodem
386 2991 489 3053 etiam
527 2997 694 3072 tempore,
719 3009 796 3053 cum
827 3011 889 3054 rex
922 2993 1116 3073 Anglorum

169 3088 354 3170 plusquam
376 3089 497 3170 viginti
517 3107 709 3152 marcarum
730 3089 838 3153 millia
859 3090 938 3155 duci
963 3090 1117 3176 Austriae

169 3181 411 3270 praeparasset,
445 3208 508 3269 pro
543 3189 744 3254 liberatione
782 3188 939 3253 obsidum
976 3208 1116 3258 suorum

169 3287 442 3362 transmittenda,
458 3286 509 3350 illi
532 3305 618 3367 quos
640 3286 750 3348 eidem
770 3286 849 3352 duci
864 3286 999 3352 obsides
1015 3288 1117 3356 dede·

169 3393 224 3450 rat
238 3393 381 3467 repente
399 3385 538 3460 affuere,
554 3384 720 3448 babentes
731 3384 798 3454 mel
813 3391 848 3454 et
858 3385 913 3450 lac
923 3386 1116 3466 sublingua

169 3503 245 3561 sua,
271 3485 405 3548 hostem
431 3485 563 3549 scilicet
588 3485 872 3552 immanissimum
893 3483 1002 3566 divini
1029 3505 1114 3566 pon·

170 3583 248 3646 dere
254 3584 378 3667 judicii
387 3586 545 3647 obrutum
560 3583 774 3646 nunciantes.
828 3583 1114 3652 Dicebantetiam

169 3686 261 3764 quod
286 3692 366 3748 ante
386 3690 529 3746 mortem
553 3683 661 3764 ipsius
689 3689 790 3744 terrae
813 3702 885 3748 suae
909 3684 1114 3764 pestilentiae

169 3783 287 3846 multae
309 3783 516 3857 acciderant,
539 3781 696 3844 incendia
716 3781 875 3862 plurima,¹
893 3783 1030 3850 siccitas
1053 3785 1113 3847 im-

169 3899 289 3945 mensa
302 3882 518 3946 sterilitatem
530 3900 598 3943 non
608 3880 775 3943 modicam
791 3879 973 3958 inducens3
987 3881 1113 3944 fluvius
1126 3897 1263 3987 qma

168 3981 271 4044 etiam
301 3981 466 4056 Danubii,
492 3998 574 4042 suos
599 3979 683 4041 fines
710 3979 892 4053 excedens
918 3979 1115 4060 adjacentia
1265 3975 1270 3988 '

125 4075 128 4079 ’
166 4079 243 4144 loca
259 4099 338 4142 cum
353 4079 484 4160 ingenti
501 4078 677 4142 hominum
692 4078 799 4141 exitio
816 4077 1010 4158 occupavit.
1038 4075 1114 4145 Nec

167 4184 363 4240 terruerunt
377 4179 445 4241 ista
462 4197 522 4242 cor
538 4197 685 4259 nequam
706 4184 740 4239 et
757 4195 913 4252 avarum,
931 4175 1114 4256 quominus

217 4294 296 4340 voh.
316 4293 339 4339 l.
947 4291 966 4337 P
