3122 4982
401 457 572 506 wanrnar
596 459 643 504 nr
665 457 950 506 unuiuonunerr.
1079 443 1144 506 199

191 615 320 678 tionem
335 613 490 698 ejusdem
505 613 717 698 ‘pecuniae,'¹
733 613 767 677 id
784 622 837 678 est
848 622 985 679 centum
997 615 1142 680 millium
1165 631 1290 722 qtegqqgs·

190 713 418 777 ‘librarum'2
439 715 596 794 argenti:
620 713 721 797 cujus
743 733 825 796 pars
847 715 951 778 tertia
974 715 1052 778 duci
1069 715 1143 780 Au·
1173 709 1303 744 ··‘'-'·

191 814 287 878 striae
317 813 378 896 qui
411 814 555 876 eundem
585 832 703 895 regem
732 815 923 895 captivavit
949 823 1142 896 competere

192 912 371 977 dicebatur
396 933 441 976 ex
466 920 569 996 pacto
590 913 808 996 imperatoris
833 915 972 995 quando
997 914 1142 979 eundem

192 1032 309 1094 regem
349 1033 371 1075 a
413 1013 501 1077 duce
533 1013 675 1095 recepit.
742 1011 938 1095 Statimque
975 1033 1039 1077 rex
1076 1014 1142 1077 Ri-

192 1112 317 1176 cardus
362 1113 533 1177 universis
578 1111 737 1176 fidelibus
781 1111 855 1178 suis
903 1112 1053 1195 scripsit,
1102 1120 1142 1177 ut

193 1211 438 1293 redemptionis
469 1231 542 1275 suae
564 1210 714 1294 pretium
736 1211 847 1275 modis
873 1213 1031 1277 omnibus
1053 1231 1142 1294 prae·

192 1319 356 1394 parantes
381 1311 620 1376 liberationem
648 1329 747 1375 snam
770 1310 1062 1378 ‘maturarentr’³
1087 1331 1280 1378 nummum

193 1411 324 1492 gebant
340 1430 424 1492 ergo
440 1411 618 1492 negotium
633 1418 836 1476 executores
852 1413 939 1494 regii
955 1388 1284 1486 incunctabiliter

193 1508 334 1590 Angliae
357 1509 493 1587 finibus,
525 1510 611 1573 nulli
643 1519 836 1592 parcentem
863 1531 926 1576 nec
964 1511 1034 1576 ulla
1066 1519 1142 1576 erat
1155 1488 1293 1588 ll'il‘l‘i'

191 1607 369 1674 distinctio
398 1609 513 1673 clerici
538 1617 575 1674 et
601 1608 692 1688 laici,
723 1610 889 1674 secularis
915 1619 950 1675 et
980 1611 1142 1694 religiosi,
1153 1598 1247 1628 ‘m'

193 1711 317 1774 urbani
344 1715 380 1774 et
413 1707 545 1786 rustici,
576 1709 636 1772 sed
671 1729 790 1773 omnes
821 1710 1053 1775 indifferenter
1086 1711 1143 1774 vel

189 1807 298 1892 juxta
322 1809 415 1873 vires
439 1809 641 1873 substantiae
666 1829 739 1873 suae
768 1808 824 1874 vel
841 1807 947 1892 juxta
972 1809 1144 1874 redituum

194 1909 425 1990 quantitatem
454 1928 517 1991 pro
546 1909 780 1991 redemptione
806 1909 903 1988 regia
930 1910 1145 1990 ‘portionem

195 1999 334 2072 suam'⁴
350 2008 483 2072 solvere
500 2009 733 2090 cogebantur:
757 2008 904 2071 silebant
919 2016 954 2072 et
972 2008 1146 2073 vacabant

195 2109 389 2190 privilegia,
405 2109 658 2189 praerogativae,
672 2107 907 2171 immunitates
923 2107 1145 2170 ecclesiarum
1221 2171 1225 2176 ,

195 2215 230 2271 et
265 2209 560 2272 monasteriorum.
613 2207 734 2272 Omnis
767 2208 858 2270 enim
891 2206 1042 2288 dignitas
1073 2207 1147 2270 sive

196 2307 338 2371 libertas
393 2307 572 2390 oppilabat
627 2327 667 2372 os
722 2325 859 2371 suumz·
906 2306 1146 2370 cisterciensis

197 2426 334 2489 quoque
357 2406 488 2470 ordinis
509 2407 682 2485 monachi,
704 2407 765 2490 qui
787 2409 832 2472 ab
849 2407 941 2470 omni
964 2407 1145 2471 exactione

197 2507 295 2589 regia
317 2507 483 2570 hactenus
505 2507 673 2571 immunes
696 2507 895 2583 extiterant,
914 2513 1010 2571 tanto
1034 2507 1145 2587 magis

197 2614 281 2671 tunc
309 2607 443 2670 onerati
473 2613 555 2670 sunt
593 2613 725 2689 quanto
757 2607 870 2669 minus
908 2614 988 2670 ante
1019 2605 1147 2687 publici

198 2707 311 2771 oneris
332 2715 511 2770 senserant
537 2707 764 2786 gravitatem
789 2705 904 2770 lanam
925 2707 1015 2768 enirn
1043 2723 1146 2786 pecu·

197 2806 277 2871 dum
314 2825 456 2870 suarum
494 2806 610 2870 exacti
647 2806 827 2886 coactique
860 2797 1148 2887 ‘resignarunt.'⁵

199 2907 419 2988 Congregata
439 2914 492 2970 est
513 2906 620 2987 igitur
634 2925 696 2988 per
713 2911 822 2969 totam
841 2905 1004 2988 Angliam
1025 2906 1147 2986 ingens
1160 2927 1302 2978 nrncurryor
1322 2931 1324 2938 ¹

198 3008 353 3090 pecuniae
382 3025 538 3070 summa:
572 3005 632 3069 sed
661 3023 740 3069 cum
769 3007 939 3070 universae
967 3005 1146 3087 particulae
1159 2981 1303 3080 liiidie

199 3105 385 3171 Londoniis
407 3105 647 3170 convenissent
665 3124 734 3168 non
750 3105 969 3185 attingebant
994 3103 1036 3166 ad
1053 3122 1145 3166 sum·
1159 3095 1215 3124 ‘⁰¹¹¹'

199 3226 290 3304 mam
317 3205 562 3288 redemptionis
586 3205 703 3286 regiae,
731 3204 813 3267 licet
838 3204 882 3266 ab
904 3201 1004 3265 initio
1031 3200 1146 3264 crede·

199 3313 295 3369 retur
322 3303 413 3386 quod
442 3310 542 3367 tanta
567 3304 784 3368 coacervatio
810 3301 951 3364 eandem
979 3318 1148 3363 summam

199 3405 340 3470 deberet
365 3402 551 3476 excedere;
576 3403 668 3484 quod
694 3401 859 3466 accidisse
886 3400 1037 3464 creditur
1063 3403 1149 3462 ‘ex-

201 3493 397 3569 actorum’⁶
414 3502 544 3565 fraude.
590 3502 751 3584 Denique
768 3508 911 3583 propter
926 3499 1014 3563 banc
1029 3499 1149 3580 primae

199 3603 414 3669 collectionis
440 3599 714 3666 insufficientiam
743 3601 891 3664 ministri
915 3599 1002 3682 regii
1027 3618 1150 3662 secun·

200 3705 294 3780 dam,
334 3698 615 3784 ‘tertiamque'⁷
659 3700 895 3764 collectionem
933 3701 1151 3778 instaurant3

237 3951 243 3980 ¹
262 3949 405 4011 ‘summam'
416 3949 474 3998 MS.
487 3949 581 4000 Lansd.
725 3949 736 3978 ³
752 3949 983 4012 ‘suntresignaref
991 3948 1049 3997 MS.
1057 3946 1151 3994 Lansd.

236 4019 246 4049 Β
263 4019 440 4080 ‘mmmm”
452 4020 508 4069 MS·
521 4019 588 4069 cm·
598 4019 656 4069 Tib'
726 4048 737 4080 ⁶
752 4052 934 4100 ‘executorum
945 4051 952 4071 ’
965 4048 1021 4096 MS.
1034 4047 1129 4094 Lansd.

236 4087 248 4117 ⁸
263 4088 462 4151 ‘procurarent’
474 4089 531 4138 MS.
545 4089 638 4137 Lansd.
936 4084 944 4110 '

236 4162 246 4188 ⁴
265 4159 385 4208 ‘modum
429 4159 571 4221 indictum,'
607 4158 665 4208 MS.
727 4148 737 4187 ⁷
753 4152 815 4200 This
827 4151 898 4200 word
915 4151 962 4199 has
982 4149 1046 4198 been
1064 4149 1154 4197 erased

201 4229 296 4278 Lansd.
693 4223 756 4272 from
769 4223 826 4271 MS.
838 4220 903 4271 coll.
915 4222 986 4270 Arm.
