3128 4992
436 507 607 556 wnurnur
632 507 678 553 nn
702 507 986 555 unmrrtcnuucu.
1137 493 1178 554 11

227 661 420 726 australes:
445 669 481 725 et
506 662 542 723 in
567 679 657 724 anno
680 663 837 741 sequenti
853 661 948 725 misit
967 661 1177 727 Robertum¹
1204 683 1297 722 wmum
1308 685 1325 722 1.

229 762 388 825 comitem
406 760 441 823 in
460 759 744 824 Northumhriam
756 780 834 824 cum
850 762 1004 825 exercitu
1017 761 1175 844 copioso·
1191 733 1339 795 Q

1167 810 1177 835 ‚
1259 817 1264 826 .

230 861 290 942 qui
310 881 388 924 cum
410 867 503 924 esset
518 858 684 923 Dunolmi
700 860 834 924 audivit
855 879 878 922 a
897 861 1101 941 quibusdam
1118 862 1179 943 qui
1192 817 1327 956 ffffiffiff

230 957 537 1041 ‘praemonerent'²
548 978 626 1022 eum
640 958 732 1039 quod
745 958 1061 1024 Northumbrenses
1072 960 1180 1023 irrue·
1240 943 1245 956 ’

231 1066 309 1122 rent
332 1059 369 1121 in
383 1076 460 1121 eum
485 1065 601 1134 nocte,-
613 1065 649 1121 et
665 1059 756 1121 vires
771 1065 972 1122 exercerent
986 1059 1022 1121 in
1036 1066 1181 1122 mortem

233 1158 320 1241 ejus
355 1157 479 1221 Noluit
491 1165 606 1221 tamen
620 1157 770 1231 credere,
787 1157 903 1220 dicens
918 1176 977 1220 eos
991 1158 1076 1222 talia
1093 1177 1181 1238 prae·

233 1276 368 1319 sumere
390 1276 458 1319 non
475 1256 623 1334 audere;
647 1263 781 1318 etcum
804 1264 894 1320 esset
915 1274 1069 1332 securus,
1095 1257 1181 1318 nihil

233 1355 298 1418 sibi
313 1356 437 1418 timens
454 1355 490 1417 in
506 1355 635 1435 aliquo,
649 1353 822 1417 irruerunt
838 1355 873 1416 in
890 1374 966 1418 eum
984 1362 1098 1431 nocte,
1114 1355 1179 1418 cir·

233 1454 483 1518 cumvallantes
498 1460 613 1516 castra
629 1471 694 1516 sua
710 1459 745 1516 et
763 1453 939 1518 universos
955 1454 1181 1531 trucidantes,

233 1553 283 1615 ita
299 1560 339 1616 ut
362 1572 431 1616 non
452 1551 613 1615 evaderet
634 1551 699 1614 nisi
721 1571 809 1614 unus
834 1552 935 1615 horno
951 1552 1058 1616 solus.
1112 1552 1181 1615 Eo-

233 1651 425 1715 demetiam
439 1670 541 1727 anno,
552 1651 642 1713 circa
654 1650 780 1714 festum
794 1649 934 1715 Natalis
947 1651 1066 1714 Beatae
1084 1651 1181 1714 ‘Ma
1194 1673 1299 1720 rueaay,

233 1747 322 1813 riae'³
336 1749 504 1832 Virginis
511 1756 678 1815 venerunt
688 1750 748 1812 filii
757 1749 849 1830 regis
861 1749 999 1832 Sweyni
1009 1751 1052 1813 de
1064 1751 1181 1814 Dane·
1194 1725 1280 1845 {⁹255
1287 1796 1346 1844 mg

208 1923 210 1927 ¹
233 1849 397 1926 marchia,
413 1868 435 1912 a
452 1847 805 1912 Northumhrensihus
828 1850 998 1924 accersiti,
1018 1869 1096 1913 cum
1118 1850 1180 1913 du·
1194 1847 1344 1892 ⁰f⁰2¹²¹¹¹²sh

1194 1898 1258 1935 sends
1268 1907 1281 1934 ι
1291 1907 1345 1945 pow-

233 1948 342 2011 centis
367 1949 599 2028 quadraginta
624 1948 782 2023 navibus,
812 1955 847 2011 et
878 1948 1118 2029 applicuerunt
1145 1949 1181 2012 in
1195 1947 1338 1984 “fflfloeth

1195 1995 1257 2034 esslst
1266 1996 1304 2034 the

234 2047 324 2110 ostio
351 2046 533 2122 Humhrae,
549 2053 585 2109 et
612 2052 836 2127 properantes
859 2045 1011 2108 Eborum
1041 2047 1181 2110 obsede·
1194 2045 1310 2135 mm·

234 2151 315 2207 runt
330 2143 553 2208 Normannos
568 2145 604 2208 in
616 2143 768 2208 castellis
785 2143 910 2207 ibidem
926 2164 971 2208 ex
984 2151 1083 2226 parte
1099 2164 1181 2223 una,

235 2243 546 2307 Northumbrenses
581 2256 669 2306 vero¹
696 2251 864 2307 venerunt
899 2251 934 2307 et
976 2244 1184 2309 obsederunt

233 2343 371 2406 eosdem
386 2343 592 2405 castellanos
614 2360 659 2405 ex
675 2349 774 2423 parte
790 2341 920 2406 altera:
954 2343 1043 2406 unde
1058 2344 1181 2407 timen-

233 2448 285 2505 tes
300 2442 366 2505 sibi
386 2441 575 2504 Normanni
595 2441 655 2522 qui
671 2441 810 2504 fuerant
831 2442 867 2504 in
884 2449 1075 2505 castrorum
1092 2463 1181 2526 prae·

233 2540 332 2617 sidio,
348 2561 391 2604 ne
408 2541 497 2605 forte
511 2541 632 2604 domus
648 2559 727 2623 quae
744 2559 852 2622 prope
871 2541 1015 2605 castella
1029 2550 1128 2606 erant
1143 2543 1180 2606 in

232 2640 468 2723 adjumentum
497 2659 572 2704 esse
604 2649 747 2721 possent
775 2640 886 2702 Danis
920 2648 955 2705 et
986 2639 1179 2706 Northnm-

235 2740 415 2803 brensibus
430 2739 473 2802 ad
496 2738 687 2821 implendas
708 2739 819 2802 fossas
841 2739 1060 2804 castellorum
1078 2749 1117 2805 ut
1134 2741 1183 2804 eis

235 2839 285 2902 sic
313 2839 507 2918 ingressum
545 2838 711 2914 facerent,
754 2839 1008 2903 communicato
1040 2841 1183 2903 consilio

236 2945 317 3001 ante
347 2957 465 3002 eorum
504 2938 697 3019 ingressum
729 2937 810 3018 igne
841 2957 901 3002 eas
933 2939 1184 3002 succenderunt

238 3034 369 3100 ‘x111.'⁴
380 3025 548 3101 kalendas
563 3036 736 3112 Octobris,
753 3037 825 3118 qui,
843 3045 1024 3101 ventorum
1032 3038 1181 3120 impulsu
1195 3053 1306 3153 sgpppp.

236 3144 484 3213 succrescente,
516 3143 626 3200 totam
666 3136 842 3203 civitatem
874 3144 909 3200 et
938 3139 1182 3201 monasterium
1196 3175 1325 3223 mcum

235 3235 348 3298 sancti
361 3234 457 3298 Petri
469 3235 627 3298 dolorose
639 3235 863 3316 consumpsit.
896 3235 1183 3317 Supervenientes
1196 3227 1328 3317 {⁶⁰{kbufl'

236 3340 353 3396 autem
369 3333 447 3395 hinc
463 3340 498 3396 et
517 3334 595 3396 inde
613 3334 705 3397 Dani
723 3341 758 3397 et
775 3333 810 3396 N
812 3333 1049 3398 orthumbrani
1065 3334 1184 3398 eadem

237 3432 292 3495 die
309 3432 453 3496 castella
463 3432 688 3514 infregerunt,
700 3440 736 3496 et
749 3431 932 3514 plusquam
947 3439 1022 3497 ‘111.
1042 3428 1185 3496 millia’⁵
1196 3457 1338 3506 ,reuisere

237 3531 517 3595 Normannorum
532 3539 750 3614 peremerunt
768 3531 896 3613 gladio,
914 3524 1051 3614 paucis⁶
1068 3532 1184 3596 admo·
1197 3507 1337 3609 {hahilssffm

272 3755 281 3788 ¹
297 3758 399 3818 Robert,
430 3759 564 3808 surnarued
585 3758 697 3820 Comine,
759 3753 769 3786 ⁶
785 3757 839 3806 The
850 3773 955 3819 persons
967 3760 1045 3807 saved
1053 3773 1121 3808 were
1128 3757 1186 3808 Gil-

236 3828 445 3877 ordecomines.
724 3828 778 3876 bert
800 3828 832 3876 de
855 3827 941 3889 Gand,
960 3828 1072 3878 William
1095 3829 1186 3891 Melet,

269 3895 298 3924 ²‘
310 3895 512 3959 praemunirent,'
535 3895 612 3947 MSS.
631 3896 697 3947 Coll.
724 3897 764 3946 his
775 3897 835 3946 wile
847 3898 897 3946 and
910 3897 1033 3959 children,
1044 3898 1094 3946 and
1107 3912 1123 3946 a
1135 3897 1186 3946 few

235 3968 306 4017 Arm.
318 3967 368 4015 und
380 3966 447 4015 Cott.
458 3965 516 4014 Tib.
723 3967 817 4027 others,
846 3967 904 4014 who
932 3981 999 4015 were
1028 3966 1126 4014 carried
1154 3980 1186 4012 on

268 4035 409 4085 ³0mitted
422 4037 448 4083 in
460 4035 535 4084 MSS.
548 4033 614 4084 0011.
626 4035 698 4084 Arm.
725 4034 802 4083 board
822 4035 864 4082 the
885 4035 985 4084 Danlsh
1008 4035 1074 4083 fleet.
1113 4034 1187 4082 After

237 4108 286 4154 and
299 4106 366 4155 Gott.
378 4105 435 4153 Tib.
725 4104 775 4151 thie
794 4105 893 4164 victory
915 4104 957 4152 the
980 4104 1078 4152 Saxeus
1103 4104 1187 4152 demo-

269 4174 279 4206 ⁴
295 4173 608 4224 ‘x1111.’MS.cort.Trb.
723 4173 806 4221 lished
822 4173 864 4220 the
880 4173 1053 4222 fortifications
1070 4173 1099 4221 of
1107 4173 1187 4235 York,

268 4245 278 4274 ⁵
296 4244 468 4305 ‘urr.millia,'
481 4243 538 4291 MS.
549 4241 615 4292 Cott.
624 4242 680 4290 Tib.
725 4243 775 4291 and
799 4243 886 4304 Edgar
905 4243 1026 4305 Atheling
1049 4257 1103 4294 was
1131 4258 1187 4304 pro-
