3132 4988
278 655 352 702 Henry
361 653 392 692 11.

274 706 299 743 Α.
307 705 333 742 D.
343 703 399 742 1187.

259 757 412 769 -u-n

262 788 344 837 Epistle
353 787 377 826 ol

263 840 319 886 Pope
328 838 379 876 Gre-

261 899 320 938 gory.

423 469 487 532 130
794 486 1002 533 canonicor

425 643 596 720 civitates,
612 643 839 707 dissentiones
855 642 1036 706 audiamus
1050 650 1083 705 et
1096 641 1273 717 scandala,
1290 638 1372 704 ‘ut'¹

427 762 503 805 cunr
520 743 688 826 propheta
704 744 816 806 dicere
833 741 1021 818 valeamus,
1039 747 1060 774 “
1072 741 1146 805 Non
1164 748 1216 804 est
1234 741 1374 814 veritas

426 861 495 906 non
518 852 571 906 est
593 843 737 906 scientia
759 841 827 905 Dei
848 841 883 903 in
904 849 1008 918 terra,
1030 841 1159 904 furtum
1183 848 1218 904 et
1233 841 1374 904 menda-

427 942 529 1018 cium,
544 941 764 1005 homicidium
780 948 814 1005 et
829 941 1035 1005 adulterium
1057 940 1324 1015 inundaverunt,
1340 947 1376 1003 ct

426 1042 568 1122 sanguis
584 1042 786 1122 sanguinem
798 1039 960 1120 tetigit,”2
1002 1040 1166 1122 ¹Cogitate
1177 1041 1295 1120 itaque
1313 1038 1375 1101 filii

427 1141 575 1222 qualiter
595 1147 773 1205 transcant
790 1140 963 1216 universa,
984 1147 1019 1203 et
1041 1141 1172 1221 pariter
1191 1137 1375 1202 transeatis

427 1248 463 1303 et
478 1260 560 1318 vos3
586 1248 620 1303 et
636 1240 715 1302 date
730 1247 856 1316 vestra,
872 1239 1019 1321 dataque
1035 1239 1289 1321 vosmetipsos,
1305 1257 1374 1300 non

427 1339 462 1400 in
486 1339 726 1402 exterminium
749 1339 808 1402 sed
831 1339 867 1400 in
889 1339 1184 1402 conservationem
1207 1339 1238 1401 ei
1261 1355 1373 1418 aquo

428 1444 464 1500 et
480 1457 541 1501 vos
556 1445 592 1501 et
607 1446 722 1503 vestra
737 1439 852 1500 omnia
867 1438 1056 1519 recepistis
1072 1457 1135 1500 nec
1150 1438 1305 1515 dicimus,
1322 1436 1374 1499 di-

429 1537 566 1612 mittite,
578 1537 637 1600 sed
649 1537 849 1618 praemittite
860 1537 895 1599 in
905 1537 1044 1600 coeleste
1052 1536 1211 1600 horreum
1223 1555 1301 1618 quae
1310 1535 1373 1597 ha·

428 1637 527 1712 betis,
539 1643 574 1699 ct
582 1637 737 1717 reponite
749 1636 839 1718 apud
856 1656 934 1699 eum
945 1637 1037 1718 apud
1053 1655 1154 1719 quem
1172 1641 1193 1670 “
1207 1632 1375 1716 ‘aerugo’³

427 1754 496 1797 uon
519 1722 703 1799 demolitur
722 1744 783 1799 aut
804 1736 908 1812 tinea,
930 1755 992 1798 nec
1017 1736 1109 1798 sures
1129 1723 1292 1799 effodiunt
1314 1740 1375 1815 ant

426 1834 586 1897 furantur
598 1832 649 1913 ;”4
674 1835 871 1898 laborantes
894 1835 937 1898 ad
961 1835 1254 1917 recuperationem
1272 1840 1374 1897 terrae

426 1932 530 2009 illius,
546 1935 582 1996 in
603 1953 673 2016 qua
690 1954 752 2017 pro
770 1935 882 1998 salute
897 1941 1017 1998 nostra
1032 1933 1206 1998 “Veritas
1222 1933 1264 1996 de
1282 1943 1375 1996 terra

426 2041 503 2096 orta
515 2030 622 2109 est‚''⁵
638 2041 673 2097 et
688 2034 856 2098 sustinere
868 2053 930 2117 pro
943 2034 1042 2097 nobis
1057 2033 1168 2097 crucis
1181 2031 1372 2115 patibulum

426 2152 494 2195 non
517 2133 694 2216 despexit:
721 2132 911 2197 recolentes
936 2153 1007 2197 non
1032 2151 1108 2196 esse
1132 2152 1259 2195 novum
1281 2133 1373 2214 quod

426 2239 519 2295 terra
545 2233 606 2295 illa
630 2231 763 2315 judicio
792 2231 964 2296 dominico
991 2232 1191 2314 percutitur,
1221 2231 1281 2294 sed
1312 2251 1376 2294 nec

426 2349 501 2393 esse
525 2331 701 2395 insolitum
728 2339 768 2395 ut
789 2331 967 2413 flagellata
990 2339 1024 2396 et
1049 2331 1222 2412 castigata
1243 2331 1376 2394 miseri-

426 2430 578 2493 cordiam
600 2437 841 2513 consequatur.
894 2431 1039 2495 Poterat
1053 2431 1181 2513 quippe
1203 2430 1381 2511 Dominus

425 2529 501 2592 sola
520 2549 596 2594 eam
617 2530 794 2594 voluntate
814 2549 965 2606 servare,
985 2532 1045 2594 sed
1067 2549 1136 2594 non
1155 2529 1321 2593 habemus
1343 2530 1375 2593 ei

425 2627 538 2692 dicere
560 2649 621 2692 cur
643 2631 693 2694 ita
712 2629 841 2694 fecerit.
887 2629 1011 2694 Voluit
1030 2631 1119 2693 enim
1141 2630 1286 2694 forsitan
1312 2649 1374 2692 ex·

425 2729 540 2809 periri,
555 2737 590 2793 et
611 2729 647 2791 in
667 2729 823 2794 notitiam
846 2729 970 2794 ducere
990 2729 1146 2804 aliorum,
1163 2729 1225 2792 “si
1247 2729 1374 2810 aliquis

425 2827 470 2889 sit
485 2828 682 2910 intelligens
700 2836 761 2892 aut
772 2829 949 2910 requirens
959 2821 1128 2906 Deum,”⁶
1143 2830 1202 2910 qui
1218 2829 1373 2892 oblatum

425 2925 491 2989 sibi
514 2934 650 3010 tempus
673 2929 888 3010 poenitentiae
910 2928 1066 2992 hilariter
1082 2929 1323 3010 amplectatur,
1339 2939 1374 2991 et

425 3026 573 3089 animam
611 3027 769 3108 ponendo
802 3047 865 3110 pro
896 3028 1060 3091 fratribus
1090 3035 1312 3092 consumetur
1337 3028 1373 3090 in

424 3125 531 3202 brevi,
557 3134 592 3191 et
618 3126 790 3209 compleat
816 3135 972 3208 tempora
997 3128 1117 3191 multa.
1171 3127 1232 3190 Eis
1257 3133 1373 3190 autem

424 3226 484 3306 qui
509 3227 610 3290 corde
635 3227 781 3290 contrito
808 3234 842 3290 et
865 3226 1044 3291 humiliato
1072 3227 1196 3309 spiritu
1220 3227 1374 3290 laborem

422 3323 553 3389 itineris
585 3326 688 3410 hujus
725 3326 984 3407 assumpserint,
1015 3333 1051 3391 et
1092 3327 1128 3389 in
1166 3327 1373 3408 poenitentia

423 3432 642 3505 peccatorum
679 3433 713 3490 et
749 3425 815 3489 fide
851 3433 947 3489 recta
983 3425 1204 3501 decesserint,
1235 3425 1373 3507 plenam

422 3541 562 3587 suorum
588 3525 767 3587 criminum
797 3525 1047 3606 indulgentiam
1074 3533 1109 3590 et
1139 3526 1247 3589 vitam
1270 3524 1372 3606 polli-

422 3639 539 3683 camur
553 3624 751 3699 aeternam‚'’
770 3631 833 3687 etc.
877 3611 879 3614 ⁵
971 3637 972 3640 ’

419 3871 544 3990 cltt‘e'ft'i)
558 3871 632 3922 MSS.
651 3871 717 3923 0011.
736 3874 807 3923 Arm.
828 3873 878 3921 aud
940 3871 950 3901 ⁴
967 3875 992 3924 S.
1006 3875 1099 3924 Matth.
1110 3875 1144 3925 vi.
1156 3879 1196 3924 19.

441 3957 456 3990 ο
479 3979 485 3994 .
518 3958 525 3990 1
547 3977 553 3991 .

454 4012 464 4040 ,
581 4013 587 4023 .

452 4013 613 4143 1ῗῖζῖἐῖ
621 4016 757 4132 ἐίεῗόου.
769 4084 840 4132 urm.
937 4075 948 4108 ⁶
970 4080 1015 4130 rs.
1027 4080 1080 4129 xiv.
1093 4082 1118 4141 1,
1129 4079 1180 4128 ana
1190 4079 1238 4129 nu.
1250 4083 1273 4130 2.

940 3973 950 4005 ⁶
969 3977 1014 4028 Ps.
1025 3977 1114 4027 lxxxv.
1128 3981 1168 4027 11.
