3128 4992
394 499 416 564 8
678 576 682 582 Ι
768 513 977 562 cunonroon

233 688 385 753 Q
397 693 475 756 quae
500 671 841 737 convenerantinter
866 690 924 736 eos
953 691 1056 754 opere
1082 671 1343 753 completurum.

233 772 372 871 ffissssp‘ssl
400 771 468 836 His
501 773 551 836 ita
579 771 698 853 gestie,
731 769 921 847 HaralduS,
951 777 1089 852 recepto
1124 778 1261 852 nepote,
1291 787 1345 831 re·

235 872 373 969 ‘ggffigssn
399 890 519 936 versus
534 879 588 935 est
608 872 643 933 in
659 868 835 950 Angliam,
852 870 1077 951 narravitque
1092 871 1165 951 regi
1180 886 1343 952 percunc-

235 971 377 1069 iin2⁰ii.“
399 971 488 1034 tanti
513 978 639 1033 cuncta
655 987 733 1051 quae
751 969 957 1032 acciderant.
1010 968 1076 1033 Cui
1098 989 1171 1045 rex,
1190 967 1345 1031 “Nonne

237 1071 300 1113 Wi-
399 1069 473 1133 dixi
511 1069 575 1132 tibi
607 1088 662 1131 mo
691 1086 792 1132 nosse
821 1067 1046 1145 willelmum,
1078 1075 1114 1132 et
1150 1068 1187 1130 in
1224 1068 1345 1130 itinere

237 1195 364 1234 neretum.
399 1175 460 1233 tuo
494 1168 604 1231 multa
633 1167 726 1230 mala
750 1166 829 1230 huie
857 1186 963 1248 regno
990 1167 1189 1248 contingere
1218 1166 1345 1248 posset

236 1245 371 1294 ²⁰E¹²⁸¹²¹⁸⁶'
402 1267 504 1330 Certe
521 1267 557 1329 in
572 1266 637 1329 boc
651 1265 744 1329 sacto
762 1273 822 1330 tuo
839 1285 984 1347 magnas
1000 1267 1094 1347 genti
1110 1273 1239 1328 nostrae
1256 1283 1344 1346 prae-

401 1366 513 1429 sentio
545 1364 762 1428 calamitates
790 1372 985 1442 eventuras,
1004 1383 1091 1447 quas
1117 1364 1201 1428 mihi
1226 1381 1346 1444 quaeso

401 1464 567 1528 concedat
597 1465 709 1547 pietas
742 1482 890 1546 superna
923 1465 1131 1545 temporibus
1161 1463 1246 1526 meis
1277 1480 1346 1525 non

241 1589 364 1629 nonos.
402 1563 573 1628 evenire.'’
613 1563 655 1625 In
666 1562 761 1626 brevi
773 1568 852 1644 post
866 1562 940 1626 haec
956 1562 1042 1627 obiit
1057 1583 1119 1626 rex
1132 1561 1343 1632 Edwardus3

241 1662 351 1760 {3333
402 1669 449 1738 et,
466 1662 573 1745 juxta
595 1661 686 1744 quod
709 1663 782 1742 ipse
805 1680 867 1724 rex
890 1668 970 1725 ante
998 1669 1142 1726 mortem
1164 1667 1346 1736 statuerat,

238 1762 390 1807 mmm·
402 1761 468 1823 sibi
484 1762 650 1824 successit
671 1760 706 1823 in
720 1779 865 1841 regnum
882 1759 956 1848 ipse
973 1760 1163 1836 Haraldus,
1179 1760 1234 1823 eui
1249 1779 1346 1822 man·

238 1812 386 1917 {2223in
402 1860 499 1923 davit
525 1859 721 1923 Willelmus
746 1879 860 1922 comes
889 1867 929 1923 ut
950 1866 1054 1941 pacta
1077 1865 1253 1931 servaret;
1278 1878 1346 1940 quo

236 1928 324 1967 ΗΜ
402 1965 576 2034 renuente,
605 1959 728 2021 iterum
759 1959 936 2022 mandavit
965 1966 1005 2022 ut
1036 1960 1195 2041 quamvis
1217 1958 1348 2020 violata

400 2056 467 2121 fide
491 2065 618 2122 caetera
638 2077 708 2122 nou
729 2065 913 2133 servasset,
930 2059 959 2121 si
985 2065 1102 2122 tamen
1121 2057 1226 2120 filiam
1247 2075 1346 2120 suam

400 2156 540 2220 duceret
569 2159 606 2220 in
637 2175 780 2221 uxorem
810 2157 922 2220 adhuc
953 2157 1190 2238 aequanimiter
1221 2155 1344 2234 ferret3

401 2256 553 2336 alioquin
570 2255 773 2337 promissam
787 2257 853 2320 sibi
866 2258 1116 2320 successionem
1131 2256 1229 2337 regni
1242 2255 1347 2318 armis

237 2375 362 2416 uerna.
400 2354 651 2418 vindicaturum
686 2373 724 2418 se
755 2355 977 2435 proculdubio
1004 2356 1118 2419 sciret.
1175 2353 1225 2418 At
1259 2355 1345 2436 ipse,

234 2427 272 2464 the
279 2430 387 2466 overtures

237 2477 342 2536 maresa
400 2472 464 2516 nec
493 2453 577 2516 illud
603 2451 739 2535 quidem
765 2453 877 2517 facere
897 2474 935 2517 se
950 2454 1038 2518 velle
1057 2474 1119 2518 nec
1145 2454 1210 2517 hoc
1229 2454 1345 2517 formi-

235 2526 362 2615 iiinifwn'
400 2551 494 2629 dare,
526 2552 714 2634 respondit.
782 2553 884 2617 Unde
912 2553 1108 2617 Willelmus
1136 2553 1369 2634 indignatuS,

398 2671 528 2732 magna
558 2671 619 2734 spe
642 2652 800 2715 vincendi
827 2673 871 2716 ex
904 2652 968 2716 hac
996 2652 1145 2716 Haraldi
1174 2653 1346 2736 injustitia

399 2752 584 2827 animatus,
614 2760 739 2832 parata
771 2752 882 2815 classe
912 2771 982 2814 non
1013 2753 1148 2815 modica
1182 2750 1346 2832 Angliam

398 2850 510 2930 petiit,
527 2857 753 2932 consertoque
768 2851 867 2932 gravi
888 2850 1011 2932 proelio
1028 2849 1205 2914 Haraldus
1222 2852 1258 2913 in
1275 2852 1349 2914 acie

398 2948 534 3025 cecidit,
551 2957 587 3012 et
608 2948 804 3013 Willelmus
819 2950 930 3014 victor
951 2951 1104 3014 existens
1123 2970 1266 3032 regnum
1286 2952 1347 3015 ob·

399 3047 503 3112 tinuit
520 3047 570 3111 sic
585 3055 802 3129 occupatum.

442 3263 491 3326 De
513 3261 658 3326 Adventu
681 3261 831 3328 Willelmi
848 3264 1067 3348 Oocpcaestoris
1083 3265 1118 3328 ic
1138 3263 1300 3348 Acyllam.

449 3424 552 3492 Anno
578 3427 719 3490 Domini
745 3445 889 3492 mcxvi.
916 3429 1113 3492 Willelmns
1140 3427 1348 3492 Bastardus1

399 3544 514 3588 comes
546 3525 782 3602 Normanniae,
799 3528 911 3590 dictus
937 3527 1088 3604 NothuS,
1104 3529 1199 3592 venit
1220 3530 1256 3590 in
1277 3527 1349 3592 An-

445 3705 452 3734 ¹
477 3707 587 3756 Thomas
609 3705 745 3758 Rudborne
772 3709 865 3759 relates
887 3725 942 3760 was
959 3712 1104 3773 hospitably
1114 3713 1279 3770 entertained,
1289 3712 1351 3760 with

400 3776 455 3825 that
474 3777 594 3824 Edmund
605 3778 720 3827 Ironside
736 3781 862 3828 outlawed
887 3781 1054 3830 hiswit'eand
1064 3782 1185 3831 children.
1209 3782 1271 3830 This
1279 3783 1349 3830 skin-

400 3845 441 3893 his
461 3847 521 3907 only
533 3846 659 3908 daughter
675 3848 715 3896 t'or
734 3863 767 3896 an
789 3850 864 3898 illicit
887 3851 953 3899 ner’s
964 3851 1031 3899 third
1048 3851 1173 3913 daughter
1189 3851 1311 3913 Herleva,
1322 3865 1350 3900 or

400 3917 539 3964 connexion
555 3917 618 3964 with
637 3933 653 3965 a
672 3917 785 3980 skinner,
796 3919 863 3981 who,
890 3920 1349 3980 Harlotta,inconrseostimebecame

399 3986 504 4047 passing
515 3985 578 4034 with
590 3986 635 4035 her
645 3988 697 4034 into
705 3988 862 4048 Normandy,
887 3989 929 4038 the
941 3990 1036 4038 mother
1048 3991 1077 4037 os
1085 3989 1126 4038 the
1139 3990 1293 4050 conqueror.
1319 3991 1349 4040 Τ.

398 4055 469 4103 there
490 4055 608 4104 followed
637 4057 677 4105 his
704 4057 797 4120 calling
824 4059 863 4106 sor
887 4054 1033 4120 Rudhorne,
1049 4059 1143 4120 Anglia
1161 4059 1246 4120 Sacra,
1263 4061 1281 4108 i.
1293 4063 1351 4121 sto,

399 4139 467 4172 some
486 4126 556 4187 time,
575 4127 622 4174 but
636 4141 691 4175 was
713 4127 862 4176 afterwards
887 4129 1064 4178 ed.Wharton.
1081 4129 1135 4177 The
1143 4128 1350 4190 Conquerorwas

398 4192 509 4241 reduced
525 4199 551 4242 to
569 4201 682 4258 poverty,
692 4197 742 4244 and
753 4198 862 4258 begging
886 4198 941 4246 also
952 4199 1049 4246 related
1066 4204 1091 4246 to
1102 4198 1144 4247 the
1157 4199 1264 4260 English
1274 4199 1350 4261 kings

399 4277 446 4310 one
457 4263 507 4322 day
519 4268 546 4311 at
556 4265 635 4314 Dulrs
648 4266 781 4315 Richard’s
792 4267 862 4329 door,
885 4266 993 4329 through
1020 4268 1061 4317 his
1084 4267 1174 4329 father,
1195 4268 1274 4317 Duke
1303 4270 1353 4317 Ro·
