3122 4982
408 505 579 555 wnnrrnr
604 505 651 553 or
674 505 958 558 unuiuonunou.
1092 493 1159 558 239

204 667 286 730 feeit
314 683 353 728 se
382 681 533 740 servum,
562 670 598 726 et
626 662 670 725 de
700 662 901 727 dominante
928 665 1156 744 servientem
1213 683 1278 722 rna.

204 773 400 845 ten'mque
418 761 646 844 Anglieanam
663 781 741 844 quae
756 781 833 826 esse
849 762 985 827 solebat
997 763 1105 860 libera
1122 771 1158 828 et
1170 732 1316 864 ³23¹?ss

206 867 249 928 ab
269 865 362 928 omni
383 863 550 927 servitute
572 863 690 942 quieta
707 862 789 926 iecit
806 861 1023 926 tributariam
1040 870 1076 927 et
1095 884 1156 928 an·
1170 873 1235 972 ῗοιὲῑθι
1243 873 1309 963 33¹²·

206 960 320 1028 cillaur
339 962 593 1045 pedissequam,
615 960 933 1044 subjectionemque
955 981 1054 1025 suam
1075 983 1157 1027 con-
1170 973 1321 1072 gffiffi,

206 1063 356 1127 firmavit
370 1060 615 1144 perscriptum
628 1079 731 1124 suum
744 1060 780 1124 in
798 1060 873 1125 haec
889 1062 995 1126 verba
1011 1079 1156 1144 concep·
1170 1072 1311 1171 {mon

207 1170 291 1227 tum.

329 1382 441 1446 Litora
456 1380 658 1466 &objectionis
674 1375 744 1445 cum
758 1379 930 1447 Fidolitote
936 1385 1042 1468 sarto

258 1555 436 1621 Johannes
462 1554 530 1618 Dei
558 1555 673 1636 gratia
703 1573 766 1618 rex
802 1552 954 1636 Angliae,
978 1557 1160 1624 ‘dominus
1172 1597 1304 1637 mum,

210 1654 402 1730 Hiberniae,
416 1654 489 1717 dux
509 1652 733 1718 Normanuioe
757 1659 793 1718 et
811 1653 1022 1736 Aquitaniae,
1045 1676 1159 1721 comes
1172 1648 1293 1739 fffoffibm'*
1340 1663 1351 1687 ⁸

209 1752 437 1835 Andegaviae,
460 1751 617 1817 omnihus
634 1751 763 1816 Christi
780 1751 938 1817 fidelibus
954 1765 1159 1836 praesentem

209 1853 374 1935 pagiuam
390 1852 608 1932 inspecturis,
623 1850 777 1914 Salutem
792 1852 829 1914 iu
846 1851 1023 1917 domino.’¹
1076 1855 1160 1931 Uni-

208 1952 368 2017 versitati
397 1959 524 2014 vestrm
555 1969 618 2032 per
645 1949 735 2013 hauc
765 1957 896 2014 cartam
929 1969 1037 2014 aurea
1064 1953 1160 2017 hulla

209 2057 329 2116 nostra
350 2050 530 2125 munitm,
551 2048 712 2114 volumus
735 2067 811 2112 esse
833 2055 952 2113 notum
972 2050 1066 2131 quod
1081 2069 1159 2114 cum

211 2150 327 2214 Deum
354 2157 390 2213 ct
419 2156 565 2212 matrem
602 2156 756 2212 nostram
793 2154 949 2212 sanctam
979 2149 1159 2213 ecclesiam

208 2248 454 2312 offenderimus
467 2247 504 2310 in
517 2241 649 2323 multis,
671 2253 706 2310 et
725 2243 868 2327 proinde
889 2247 1008 2311 divina
1029 2249 1161 2312 miseri·

209 2347 328 2411 cordia
350 2346 505 2428 indigere
525 2364 720 2420 noscamur,
745 2364 810 2409 uec
834 2346 1032 2429 quidquod
1057 2347 1161 2429 digne

204 2446 333 2510 offerre
354 2445 526 2527 possimus
548 2463 611 2527 pro
633 2443 869 2509 satisfactione
890 2446 1007 2511 debita
1029 2447 1106 2512 Deo
1123 2457 1159 2512 et

209 2545 366 2608 ecclesiae
399 2543 570 2618 facienda,
594 2543 660 2607 nisi
689 2561 752 2606 nos
783 2543 878 2624 ipsos
907 2545 1095 2609 habeamur
1123 2553 1159 2610 et

211 2663 320 2725 regna
343 2649 484 2717 nostra;
521 2641 746 2722 volentesque
772 2643 952 2723 nosipsos
978 2642 1159 2708 humiliare

212 2762 276 2824 pro
305 2741 366 2807 illo
400 2742 460 2824 qui
485 2759 523 2804 se
547 2759 611 2822 pro
639 2740 739 2805 nohis
764 2739 959 2806 humiliavit
980 2761 1091 2824 usque
1115 2743 1160 2806 ad
1206 2755 1208 2758 ·

206 2848 369 2918 mortem,
384 2840 498 2921 gratia
513 2838 633 2904 Sancti
653 2838 803 2922 Spiritus
823 2840 1025 2922 inspirante,
1041 2862 1110 2907 non
1125 2843 1161 2906 vi

212 2940 358 3016 inducti,
379 2959 443 3004 uec
471 2939 594 3004 timore
616 2939 749 3013 coacti;
784 2939 846 3003 sed
869 2947 988 3006 nostra
1010 2942 1103 3006 bona
1127 2949 1162 3006 et

213 3048 407 3121 spontanea
426 3037 606 3102 voluntate
629 3055 672 3101 ac
695 3039 867 3101 communi
895 3039 1037 3104 consilio
1060 3042 1161 3104 baro.-

214 3157 297 3209 num
320 3143 527 3214 nostrorum,
555 3136 729 3200 offerimus
752 3142 789 3199 ot
810 3136 916 3200 libere
944 3138 1162 3202 concedimus

214 3235 291 3302 Deo
310 3244 347 3300 ct
364 3235 495 3300 sanctis
517 3234 683 3316 apostolis
703 3233 778 3318 ejus
799 3234 906 3299 Petro
924 3242 960 3299 et
982 3234 1107 3311 Paulo,
1127 3243 1163 3300 et

213 3343 346 3400 sauctae
365 3335 534 3402 Romanae
556 3334 711 3398 ecclesiae
735 3333 838 3396 matri
865 3340 1005 3408 uostrae,
1029 3353 1071 3398 ac
1098 3334 1160 3398 do·

206 3435 309 3498 mino
343 3439 462 3498 nostro
501 3451 602 3515 papae
639 3431 842 3496 Innocentio
875 3432 989 3508 tertio,
1019 3432 1163 3516 ejusque

215 3532 395 3613 catholicis
420 3531 690 3608 successoribus,
720 3538 832 3596 totum
856 3551 1002 3613 regnum
1024 3529 1163 3613 Angliae

215 3640 251 3697 et
278 3639 391 3696 totum
418 3649 561 3712 regnum
592 3631 782 3707 Hiberniae,
797 3649 876 3695 oum
901 3631 994 3696 omni
1016 3631 1097 3715 jure
1122 3649 1163 3694 ac

215 3731 443 3815 pertinentiis,
462 3749 525 3813 pro
548 3729 747 3794 remissione
770 3729 921 3794 omnium
945 3737 1163 3813 peccatorum

215 3838 413 3895 nostrorum
428 3839 463 3892 et
477 3828 586 3894 totius
605 3828 740 3910 generis
764 3829 885 3905 nostri,
904 3836 977 3893 tam
997 3850 1061 3911 pro
1075 3831 1164 3895 rivis

216 3949 321 4011 quam
345 3947 408 4009 pro
433 3927 615 3992 defunctis.
669 3926 715 3989 Et
735 3927 859 3990 amodo
881 3927 940 3989 illa
965 3946 988 3989 a
1014 3927 1089 3990 Deo
1109 3926 1165 3989 vel

216 4030 260 4091 ab
293 4027 439 4091 ecclesia
468 4026 640 4102 Romana,
671 4032 836 4106 tanquam
866 4022 1051 4097 feodarius,
1079 4024 1164 4085 reci-

215 4129 350 4209 pientes
387 4134 437 4189 et·
457 4115 626 4200 tenentes,
662 4125 698 4186 in
739 4121 925 4204 praesentia
961 4121 1166 4184 venerabilis

371 4272 378 4301 ¹
397 4273 516 4323 Inserted
526 4274 590 4321 from
602 4274 661 4323 MS.
673 4272 742 4323 Gott.
755 4273 826 4321 Nero
839 4271 870 4322 G.
882 4272 910 4321 ii.
922 4285 948 4321 n.
959 4275 1001 4320 47.
