3132 4988
412 462 582 510 warram
606 463 653 510 nu
676 461 960 510 usurucruuerr.
1082 443 1148 508 279

200 617 411 698 pannagium
425 625 591 696 nostrum,
599 625 634 682 et
643 618 686 681 ad
698 618 768 683 ista
780 619 849 682 duo
861 617 1147 683 swauimotacon-
1170 630 1297 720 qrgrquq.

203 716 343 780 veniant
355 717 528 782 forestarii
539 717 704 794 viridarii,
716 726 752 781 et
764 719 984 798 agistatores,
999 724 1034 782 et
1050 715 1145 780 ‘nul-
1159 735 1310 804 Μ

201 812 260 877 li'¹
274 815 334 880 alii
344 835 406 898 per
420 816 679 894 districtionem,
692 817 745 897 [et
752 818 889 882 tertium
905 817 1147 882 swanimotum
1160 815 1253 856 hm·

202 918 362 979 teneatur
382 917 418 978 in
439 916 538 980 initio
561 916 755 998 quindecim
777 917 908 980 dierum
927 923 1007 980 ante
1023 916 1148 982 festum

150 1009 313 1076 ⁴bsaneti
330 1013 353 1080 J
356 1014 518 1098 ohanni]s
535 1015 706 1096 Baptistae
729 1035 793 1098 pro
810 1017 1005 1081 feonatione
1022 1015 1149 1079 bestia-

203 1131 278 1183 rum
290 1121 499 1192 nostrarum,
512 1122 547 1178 et
562 1114 606 1178 ed
616 1114 952 1180 illudswanimotum
965 1115 1150 1180 tenendum

202 1213 409 1277 conveniant
421 1213 593 1280 forestarii
604 1219 614 1248 ‘
625 1221 660 1278 et
672 1212 699 1247 ’²
711 1213 877 1290 viridarii,
888 1221 924 1280 et
934 1234 1003 1278 non
1017 1214 1078 1277 alii
1088 1232 1150 1293 per

202 1308 464 1378 districtionem.
517 1313 693 1377 Praeterea
722 1313 887 1394 sing[ulis
920 1313 1150 1394 quadraginta

202 1407 325 1481 diebus
341 1432 404 1493 per
422 1417 533 1476 totum
555 1430 682 1474 aunum
703 1411 911 1474 conveniant
928 1409 1099 1475 forestarii
1114 1416 1150 1472 et

153 1505 191 1564 10
204 1507 358 1572 viridarii
366 1510 426 1590 a]d
439 1508 948 1574 ‘faciendum’³attachiamenta
957 1509 1000 1573 de
1009 1508 1149 1583 foresta,

205 1612 276 1670 tam
294 1606 337 1670 de
357 1608 457 1671 viridi
474 1627 579 1690 quam
599 1608 643 1671 de
664 1609 859 1687 venatione,
881 1627 942 1692 per
963 1614 1152 1691 praesenta-

206 1704 332 1770 tionem
365 1707 622 1772 forestariorum
656 1708 809 1791 ipsorum
844 1714 879 1772 et
911 1727 1027 1773 coram
1065 1707 1151 1789 ipsis

206 1805 415 1876 attachiatis.
474 1806 647 1871 Praedicta
679 1815 795 1872 autem
827 1808 1047 1889 [swanimota
1083 1825 1152 1869 non

206 1911 388 1970 teneantur
416 1905 486 1970 nisi
514 1906 551 1970 in
578 1907 800 1971 eomitatibus
827 1908 864 1971 in
893 1907 1018 1988 quibus
1043 1905 1153 1971 teneri

156 2004 194 2064 15
207 2007 487 2087 consueverunt]
533 2005 782 2088 Unusquisque
805 2007 891 2070 liber
906 2005 1008 2069 homo
1024 2004 1152 2086 agistet

206 2103 347 2168 boscum
366 2125 467 2168 suum
488 2111 610 2187 ‘quem
635 2103 769 2169 habet’2
787 2106 823 2169 iu
846 2105 976 2169 foresta
1001 2123 1065 2187 pro
1092 2122 1151 2166 vo-

206 2203 341 2268 luntate
355 2223 431 2282 sua,
449 2211 484 2270 et
499 2205 626 2268 habeat
635 2205 848 2286 pannagium
860 2223 969 2268 suum.
1023 2203 1153 2268 Gonce·

207 2302 319 2369 dimus
333 2305 438 2368 etiam
455 2304 548 2387 quod
564 2304 800 2385 unusquisqne
815 2304 902 2368 liber
911 2303 1014 2366 homo
1029 2302 1153 2365 ducere

207 2403 317 2484 possit
341 2423 465 2486 porcos
481 2404 580 2486 s[uos
598 2422 661 2484 per
679 2402 885 2466 dominicum
907 2401 1049 2467 boscum
1072 2419 1151 2465 nos-

155 2513 194 2571 20
209 2507 299 2564 trum
319 2502 425 2567 libere
444 2508 481 2567 et
501 2502 576 2566 sine
599 2501 844 2583 impedimento
866 2501 909 2567 ad
932 2500 1153 2582 agistandum

209 2619 268 2664 eos
290 2601 326 2665 in
343 2603 474 2686 bosci]s
487 2602 561 2664 suis
573 2601 722 2682 propriis
738 2599 794 2664 vel
811 2600 893 2664 alibi
907 2599 966 2663 ubi
982 2599 1152 2664 volueritt

209 2707 244 2765 et
261 2700 291 2764 si
308 2702 404 2781 porci
426 2700 574 2783 alicujus
595 2700 693 2763 liberi
712 2698 860 2762 hominis
877 2717 947 2762 una
960 2705 1063 2762 nocte
1078 2717 1154 2778 per·

209 2800 428 2864 noctaverint
442 2800 479 2864 in
494 2799 625 2863 foresta
636 2805 767 2875 nostra,
778 2817 849 2862 non
865 2797 943 2860 inde
958 2797 1154 2861 occasione·

210 2903 268 2962 tur
282 2898 373 2961 unde
387 2897 518 2981 aliquid
533 2898 575 2963 de
595 2917 659 2962 suo
678 2897 813 2980 perdat.
865 2895 995 2960 Nullus
1011 2897 1070 2978 [de
1088 2913 1154 2958 cae-

157 3013 196 3071 25
211 3003 286 3061 tero
314 2999 453 3062 amittat
480 2997 591 3062 vitam
620 2995 676 3060 vel
702 2996 855 3061 membra
886 3016 950 3079 pro
974 2995 1156 3060 venatione

210 3103 350 3176 nostra;
373 3097 434 3162 sed
447 3097 478 3162 si
498 3095 591 3179 quis]
610 3102 733 3178 captus
750 3095 856 3158 fuerit
870 3101 905 3158 et
919 3095 1098 3158 convictus
1115 3092 1157 3155 de

210 3196 371 3277 captione
388 3196 582 3260 venationis
599 3195 752 3277 graviter
770 3194 970 3269 redimatur,
988 3190 1158 3256 sihabeat

211 3293 302 3357 unde
328 3295 449 3358 redimi
468 3295 597 3378 possit;
621 3294 651 3357 si
677 3301 793 3357 autem
819 3312 889 3356 non
915 3293 1042 3356 habeat
1068 3290 1158 3353 unde

210 3393 332 3456 redimi
347 3395 470 3476 possit,
483 3394 601 3477 Jaceat
619 3393 656 3456 in
675 3392 816 3475 prisona
836 3361 955 3457 nosira
975 3407 1158 3473 perunum

158 3505 198 3564 30
212 3510 341 3555 aunum
357 3495 409 3574 [et
422 3510 528 3557 unum
542 3492 652 3571 diem3
676 3499 712 3556 et
727 3493 757 3556 si
774 3499 854 3574 post
864 3509 970 3554 unum
981 3507 1107 3552 annum
1124 3497 1159 3552 et

212 3610 319 3655 unum
334 3592 424 3656 diem
441 3592 575 3674 plegios
596 3592 766 3672 inve]nire
779 3592 901 3674 possit,
916 3593 1020 3654 exeat
1033 3589 1076 3654 de
1088 3588 1158 3669 pri-

212 3707 312 3768 sona,
331 3692 385 3755 sin
405 3699 520 3756 autem
544 3691 682 3774 abjuret
702 3709 846 3772 regnum
870 3688 1019 3772 Angliae.
1073 3685 1159 3764 Qui-

212 3809 349 3872 cunque
387 3789 677 3873 archiepiscopus,
711 3791 903 3872 episoopus,
941 3806 1068 3862 comes,
1105 3786 1160 3849 vel

212 3889 311 3965 baro,
321 3890 462 3954 veniens
474 3889 519 3954 ad
532 3907 596 3954 nos
608 3889 652 3952 ad
667 3889 865 3952 mandatum
879 3895 1033 3952 nostrum
1049 3892 1161 3948 trans-

253 4135 259 4164 ¹
280 4137 363 4187 ‘nom'

248 4203 258 4233 2
275 4207 398 4258 omitted·
740 4167 750 4198 ³
767 4162 939 4219 ‘videndum'
