3132 4988
419 511 590 559 WALTERI
615 511 662 556 DE
685 510 968 563 HEMINGBURGH.
1105 497 1171 562 313

379 795 531 880 Deinceps
546 816 638 880 usquo
652 795 697 858 ud
709 795 833 860 Bellum
845 796 881 860 dc
896 797 1007 863 Letoce.
1196 815 1323 905 §0313qu

1184 918 1335 929 -0-

272 967 429 1047 Cumque
445 985 562 1029 rumor
583 965 649 1028 iste
667 967 807 1030 sinister
821 968 937 1030 comiti
955 967 1098 1042 Simoni,
1113 968 1172 1048 qui

222 1085 302 1129 cum
341 1066 495 1128 exercitu
537 1064 659 1145 grandi
689 1084 809 1129 versus
847 1065 1105 1147 Northampton
1137 1067 1174 1127 in

224 1164 393 1229 veniendo
431 1169 518 1238 erat,
551 1182 573 1225 a
605 1164 862 1226 transeuntibus
893 1172 928 1227 et
960 1164 1173 1245 fugientibus

224 1264 408 1338 diceretur,
436 1261 623 1338 infremuit,
648 1281 712 1324 nec
745 1269 862 1324 tamen
884 1263 1032 1326 concidit
1057 1262 1173 1325 vultus

224 1362 314 1444 eJus,
331 1360 391 1423 sed
406 1359 525 1422 statim
549 1359 746 1422 Londonias
769 1360 887 1423 adiens
909 1361 992 1422 iecit
1012 1360 1078 1423 sibi
1100 1360 1175 1422 fieri
1199 1434 1203 1441 .

224 1479 364 1523 currum
380 1458 480 1539 quasi
494 1457 660 1520 falcatum
674 1459 710 1519 in
725 1477 793 1538 quo
811 1459 984 1539 equitaret
999 1459 1069 1520 acsi
1083 1465 1175 1521 esset

228 1564 381 1637 aegrotus
395 1576 404 1634 3
426 1555 529 1618 finxit
544 1554 633 1617 enim
648 1573 686 1617 se
697 1555 844 1618 debilem
860 1563 895 1620 et
912 1556 1083 1618 infirmum
1099 1575 1177 1618 cum

229 1660 320 1719 esset
345 1653 493 1717 bellator
517 1654 681 1716 robustus
705 1659 740 1716 et
763 1653 883 1728 fortis;
908 1655 1177 1735 congregatique

229 1761 311 1818 sunt
340 1753 384 1815 ad
415 1771 494 1814 eum
527 1752 645 1815 caeteri
679 1760 860 1830 magnates
898 1752 1082 1833 complices
1110 1754 1177 1828 sui,

228 1853 371 1917 comites
395 1858 430 1913 et
455 1851 614 1926 barones,
631 1856 666 1913 et
691 1849 819 1930 singuli
844 1851 999 1930 singulos
1025 1850 1179 1913 adduxe·

230 1957 312 2014 runt
327 1949 499 2025 cohortes,
518 1949 790 2030 praeparatisque
815 1948 939 2011 ibidem
963 1949 1086 2029 ligneis
1110 1969 1323 2028 ma-rlqemn.

231 2050 341 2112 chinis
359 2047 503 2130 profecti
526 2054 606 2110 sunt
629 2046 672 2109 ad
694 2038 918 2110 obsidendum
941 2048 1157 2111 Rocestriam
1170 2067 1179 2128 3
1192 2018 1326 2109 iiiiii&

232 2167 348 2212 comes
364 2147 454 2209 enim
478 2145 521 2208 de
535 2146 714 2210 Warenna
736 2153 773 2209 et
787 2145 906 2209 villam
929 2148 1039 2210 tenuit
1055 2155 1089 2209 et
1105 2165 1180 2208 cas—

234 2255 326 2312 trum
353 2251 522 2326 exparte
553 2245 667 2325 regis;
704 2263 850 2326 cumque
876 2246 1019 2326 primam
1049 2251 1181 2326 partem

235 2363 304 2408 una
335 2363 413 2407 eum
441 2349 546 2424 ponte
577 2344 748 2424 cepissent
786 2350 822 2406 et
857 2343 1110 2406 illuminassent
1147 2345 1182 2406 in

235 2451 335 2526 parte
359 2441 532 2506 vulnerati
557 2449 639 2503 sunt
663 2440 762 2504 multi
791 2449 826 2504 et
852 2442 1066 2506 retrocedere
1089 2461 1182 2506 com·

235 2541 327 2625 pulsi
358 2547 455 2614 sunt;
489 2540 604 2620 ibique
633 2538 835 2602 vulneratus
867 2547 920 2603 est
942 2549 1103 2604 strenuus
1125 2541 1184 2603 ille

237 2641 336 2704 miles
356 2639 518 2720 Rogerus
545 2638 588 2700 de
613 2638 798 2720 Layburne
821 2644 856 2702 et
884 2639 973 2702 male
1001 2646 1184 2702 tractatus.

240 2739 401 2818 Dumque
425 2738 476 2800 sic
500 2735 712 2800 obsidionem
733 2737 973 2801 continuarent
990 2738 1033 2801 ad
1049 2746 1186 2820 tempus

238 2838 439 2901 nunciatum
456 2840 508 2898 est
524 2836 574 2898 eis
589 2835 681 2915 quod
699 2836 733 2898 in
750 2835 916 2899 veniendo
938 2844 1013 2899 erat
1029 2857 1091 2900 rex
1109 2857 1186 2900 ver-

240 2957 300 3001 sus
318 2935 515 2998 Londonias
530 2932 609 2996 cum
626 2935 782 2998 exercitu
804 2935 957 3016 copioso,
975 2943 1010 2999 et
1027 2935 1188 2999 dixerunt

241 3034 459 3108 adinvicem,
475 3038 497 3067 ‘⁴
512 3032 600 3095 Siin
619 3033 771 3096 adventu
788 3052 851 3096 suo
868 3033 1065 3097 Londonias
1085 3054 1187 3098 occu-

241 3133 378 3216 paverit
405 3150 468 3194 rex
496 3131 623 3194 erimus
647 3131 703 3195 hic
727 3132 852 3194 inclusi
879 3134 980 3213 quasi
1001 3134 1036 3194 in
1060 3132 1188 3213 angulo

242 3240 356 3306 terrae,
384 3236 597 3293 revertamur
622 3249 706 3310 ergo
737 3229 935 3293 Londonias
957 3238 996 3292 ut
1021 3237 1056 3294 et
1075 3231 1189 3293 locum

243 3330 417 3394 salvemus
445 3334 480 3391 et
511 3336 647 3409 gentem
660 3329 691 3391 :”
714 3330 836 3409 positis
872 3348 956 3410 ergo
986 3330 1190 3411 quibusdam

244 3426 401 3492 ‘certis'1
417 3427 572 3508 personis
589 3427 632 3489 ad
648 3428 831 3490 tenendam
854 3428 1078 3503 obsidionem,
1100 3429 1191 3491 Lon·

245 3527 365 3590 donias
380 3526 509 3589 reversi
525 3533 625 3589 sunt:
650 3525 851 3589 adveniente
869 3525 1005 3589 demum
1027 3546 1108 3606 rege
1131 3546 1192 3589 ex-

244 3626 358 3688 ierunt
379 3643 458 3686 cum
484 3624 617 3686 civibus
637 3625 773 3687 obviam
789 3625 832 3700 ei,
848 3643 917 3687 non
933 3632 1047 3688 tamen
1074 3625 1118 3688 ad
1140 3645 1193 3686 re-

245 3723 438 3805 cipiendum
457 3740 535 3783 cum
561 3722 685 3802 palmis
707 3723 768 3786 sed
793 3723 836 3785 ad
862 3723 1093 3804 repellendum
1116 3743 1194 3787 cum

246 3822 397 3893 lanceis;
433 3820 686 3902 declinavitque
711 3841 774 3884 rex
800 3829 835 3884 et
859 3830 962 3904 capto
988 3823 1130 3886 castello
1154 3822 1195 3884 de
1207 3845 1254 3884 rna
1262 3843 1316 3892 king

250 3919 458 4000 Kingeston‚
476 3917 568 4000 quod
598 3927 673 3982 erat
699 3921 833 3982 comitis
861 3920 1100 3996 Gloucestriae,
1115 3941 1195 4001 pro·
1208 3894 1319 3983 {illiti}

248 4018 358 4083 fectus
374 4025 427 4082 est
443 4017 697 4093 Roucestriam,
715 4018 773 4080 ubi
787 4017 976 4080 intersectis
992 4019 1197 4098 quibusdam
1210 3994 1317 4043 ³¹⁰⁸''⁰¹¹

521 4239 530 4270 ¹
548 4241 682 4304 ‘caeteris‚'
696 4241 751 4292 MS.
763 4241 829 4291 Coll.
842 4242 912 4294 Arm.
