3116 4990
406 487 577 534 wxnrnar
603 487 649 532 nn
672 488 956 536 scurronuncu.
1086 471 1151 534 143

201 642 224 705 J
227 643 323 705 oceni
354 643 479 707 sortem
511 643 648 724 quidem
681 652 716 707 et
750 663 847 708 arces
881 663 950 710 non
983 643 1151 726 ignobiles
1175 646 1300 737 ffihqgg·

200 743 459 823 protendentem
484 742 617 806 sortiter
639 751 886 825 oppugnatam,
909 744 1046 807 tandem
1070 722 1313 825 cap-W

201 847 271 904 tam
306 850 341 905 et
377 843 566 925 expilatam
607 843 840 907 incenderunt.
903 843 926 906 J
929 862 1056 908 ocenus
1089 831 1274 906 au·‘¹¹⁸'⁸'⁸·

202 947 270 1003 tem
305 942 409 1023 paulo
444 949 524 1005 ante
557 942 623 1005 boc
654 942 783 1005 malum
819 943 1041 1024 praesagiens
1072 961 1152 1004 cum

201 1059 311 1103 uxore
335 1048 370 1105 et
391 1041 470 1104 filiis
492 1042 527 1104 in
551 1060 664 1104 arcem
689 1043 779 1122 regis
801 1042 1031 1123 migraverat:
1059 1041 1152 1104 simi·

200 1138 279 1202 liter
304 1147 340 1204 et
366 1142 482 1204 caeteri
509 1140 636 1216 Judaei,
663 1142 782 1223 paucis
803 1141 847 1204 ad
871 1142 1045 1204 victimam
1069 1141 1152 1203 foris

199 1241 468 1303 remanentibus,
534 1239 760 1303 Praedonibus
797 1247 913 1303 autem
950 1259 1028 1302 cum
1064 1240 1152 1302 tanti

200 1357 307 1402 ausus
336 1338 572 1401 emolumentis
597 1339 751 1420 dilapsis,
777 1338 870 1402 facto
900 1357 1001 1401 mane
1027 1336 1151 1418 vulgus

200 1438 433 1518 promiscuum
458 1438 567 1511 irruit,
595 1438 813 1519 diripuitque,
840 1437 876 1499 in
903 1436 1047 1500 diversis
1073 1455 1150 1517 spe-

201 1537 328 1612 ciebus,
368 1535 569 1617 praedonum
609 1537 768 1617 ignisque
810 1535 984 1617 reliquias.
1046 1535 1150 1598 Mox-

200 1655 267 1718 que
297 1635 393 1699 nullo
415 1634 544 1717 publici
573 1635 696 1716 rigoris
730 1634 847 1698 habito
882 1641 1053 1717 respectu,
1076 1653 1150 1697 ma-

201 1735 321 1798 nifeste
353 1742 387 1799 et
421 1733 562 1817 profusa
602 1735 741 1798 licentia
781 1734 817 1796 in
854 1753 912 1798 eos
948 1734 1152 1797 debacchari

201 1841 400 1916 coeperunt;
431 1853 494 1897 nec
519 1853 637 1897 eorum
662 1833 864 1898 substantiis
886 1834 961 1916 jam
988 1834 1152 1910 contenti,
1202 1889 1205 1894 .

201 1935 333 1997 cunctis
358 1940 460 1997 extra
488 1952 602 1996 arcem
630 1933 789 2009 inventis,
818 1941 880 1996 aut
906 1933 997 1997 sacri
1022 1933 1151 2014 baptis-

204 2035 304 2097 matis
339 2040 400 2096 aut
434 2034 580 2096 extremi
608 2033 813 2096 discriminis
843 2033 1017 2114 optionem
1049 2031 1151 2095 dede-

201 2139 291 2197 runt.
344 2133 571 2214 Baptizantur
596 2151 677 2196 vero
709 2131 865 2196 nonnulli
899 2133 989 2209 ficte,
1019 2131 1152 2194 caeteris

200 2233 275 2295 sine
291 2231 524 2295 misericordia
542 2231 743 2295 trucidatis:
768 2238 803 2294 et
818 2231 899 2294 dum
916 2230 990 2295 haec
1008 2249 1151 2311 ageren-

200 2338 257 2395 tur
272 2330 455 2394 multitudo
474 2332 605 2411 quaein
624 2350 739 2394 arcem
758 2331 850 2412 regis
874 2329 1151 2404 ‘confluxerat,’¹

201 2433 332 2494 intuto
355 2449 459 2511 agere
481 2430 683 2494 videbatur:
706 2449 809 2512 porro
831 2430 920 2494 arcis
944 2429 1149 2512 praepositus

200 2531 245 2595 ad
277 2529 450 2611 quoddam
477 2529 564 2593 forte
589 2529 765 2610 negotium
787 2548 956 2610 egressus
987 2548 1065 2591 cum
1096 2549 1149 2591 re-

202 2629 299 2711 gredi
327 2628 431 2693 vellet
455 2648 477 2692 a
502 2628 719 2692 multitudine
747 2628 840 2692 intus
867 2629 1072 2705 excubante,
1098 2628 1149 2690 in·

202 2736 298 2792 certa
314 2728 389 2812 jam
413 2728 469 2792 cui
492 2747 530 2792 se
552 2728 717 2805 crederet,
740 2749 809 2792 non
829 2735 881 2791 est
901 2727 1082 2802 admissus,
1106 2747 1149 2789 ne

202 2829 290 2892 forte
327 2846 415 2910 quos
445 2829 591 2893 tuendos
624 2836 825 2910 susceperat
853 2827 1009 2891 hostibus
1041 2845 1148 2908 expo-

202 2935 308 2991 neret.
361 2927 426 2990 Ille
449 2946 530 2990 vero
552 2927 739 3009 provinciae
764 2927 957 3009 praesidem,
984 2927 1043 3008 qui
1068 2933 1150 2989 tunc

202 3028 246 3090 ob
276 3027 372 3108 regia
403 3027 544 3108 negotia
577 3045 655 3090 cum
697 3026 891 3107 frequentia
933 3025 1103 3089 ‘militum
1117 3025 1150 3059 ’²

203 3125 334 3201 aderat,
380 3125 584 3190 ‘confestim
631 3125 726 3201 adiit,
774 3127 965 3190 commissae
996 3126 1064 3188 sibi
1094 3144 1150 3188 ar-

203 3225 251 3288 cis
290 3224 447 3288 custodia
478 3243 516 3288 se
553 3244 575 3288 a
607 3224 741 3289 Judaeis
772 3225 969 3288 fraudatum
998 3243 1149 3306 conque-

202 3323 327 3388 rens.’³
403 3323 609 3406 Indignatus
651 3344 781 3407 praeses
824 3323 1031 3403 intremuit;
1081 3323 1149 3387 illis

202 3425 353 3488 maxime
390 3424 450 3505 qui
486 3423 732 3507 conjurationis
769 3430 926 3488 auctores
963 3423 1151 3488 extiterant

202 3543 279 3587 eum
304 3524 609 3600 inflammantibus,
636 3530 741 3606 atque
767 3524 802 3587 in
828 3523 956 3588 domini
980 3523 1073 3604 regis
1097 3522 1149 3584 in-

196 3624 325 3707 juriam
348 3622 413 3686 boc
431 3624 546 3706 ipsum
570 3623 760 3698 redundare
781 3622 1021 3704 allegantibus.
1067 3621 1090 3684 J
1093 3640 1150 3684 us-

201 3725 246 3787 sit
278 3742 361 3803 ergo
392 3742 520 3804 praeses
551 3723 736 3787 convocari
766 3723 942 3805 populum,
968 3739 1151 3802 arcemque

200 3822 413 3905 oppugnari:
437 3823 590 3887 excurrit
614 3823 838 3888 irrevocabile
863 3824 1017 3898 verbum,
1042 3820 1151 3902 plebis

235 4054 449 4121 ¹‘contugerat,'
461 4059 519 4108 MS.
532 4057 627 4107 Lensd.
724 4051 735 4085 ⁸
761 4034 923 4101 “confestim
951 4065 978 4099 se
1007 4047 1153 4098 fraudatum

234 4125 245 4157 ²
261 4128 467 4189 ‘provincialium
473 4128 601 4190 militum,'
606 4127 663 4177 MS.
689 4135 845 4184 conquerens
852 4121 884 4169 de
897 4120 1013 4169 custodia
1024 4133 1090 4168 arcae
1103 4118 1153 4168 sibi

201 4199 295 4248 Lnnsd.
689 4191 849 4253 commissae,’
861 4189 919 4239 MS.
932 4189 1026 4242 Laud.
