3132 4988
409 495 475 560 310
777 510 985 559 canonican

264 687 338 735 nourr
347 683 391 725 ¹1¹·
412 667 587 732 dominum
607 663 922 742 Vallis-Anandiae‚
940 665 1119 746 Rogerum
1135 665 1178 726 de
1196 663 1363 746 Clyfford,

252 736 638 846 Q‘Phuippum
670 764 869 846 Marmyon,
902 763 1098 828 Johauuem
1133 764 1176 826 de
1208 761 1363 838 Vauxss¹

415 866 594 945 Rogerum
618 863 661 926 de
687 863 884 944 Layburne,
907 862 1100 925 Henricum
1117 862 1160 925 de
1187 862 1313 942 Percy,
1328 867 1365 923 et

416 962 627 1044 Phillippum
662 962 799 1038 Basset,
826 961 1003 1042 Rogerum
1032 961 1075 1023 de
1107 961 1301 1034 Mortimer,
1328 967 1364 1022 et

415 1061 631 1126 Willelmum
647 1060 690 1123 de
709 1059 863 1125 Valeuce
887 1060 1030 1122 fratrem
1053 1077 1167 1135 sunm,
1185 1065 1221 1122 et
1234 1058 1365 1121 multos

415 1159 525 1225 alios:
549 1159 796 1240 mandavitque
818 1178 881 1221 rex
903 1159 1090 1223 baronibus
1112 1159 1172 1240 qui
1189 1157 1265 1240 jam
1283 1157 1364 1220 ade-

414 1267 495 1324 rant
508 1257 601 1340 quod
616 1259 736 1321 urbem
757 1264 793 1321 et
815 1257 950 1321 obsides
977 1258 1042 1320 sibi
1057 1257 1222 1320 continuo
1241 1256 1364 1319 redde-

414 1365 503 1433 rent,
520 1357 575 1420 vel
590 1357 708 1420 statim
725 1357 870 1420 irrueret
885 1357 921 1420 in
939 1363 1084 1419 mortem
1095 1373 1235 1419 eornm:
1260 1354 1364 1418 atilli

415 1455 634 1519 consulentes
654 1473 734 1517 cnm
756 1455 896 1518 Simone
913 1455 955 1518 de
972 1453 1193 1517 Monte-forti
1211 1453 1363 1535 juniore,

415 1554 475 1636 qui
501 1573 546 1616 ex
569 1560 745 1636 praecepto
770 1553 881 1634 patris
902 1559 1047 1616 caeteros
1068 1553 1195 1616 ibidem
1218 1552 1262 1615 ad
1284 1571 1366 1615 con-

414 1652 596 1715 sulendum
633 1658 841 1727 attraxerat,
867 1652 1019 1714 nondum
1049 1651 1140 1714 enirn
1175 1651 1366 1714 advenerat

416 1758 518 1832 pater
538 1750 615 1833 ejus
640 1769 704 1813 nec
725 1769 839 1813 comes
864 1749 1074 1826 Gloverniae,
1101 1750 1265 1813 audacter
1286 1750 1365 1830 qui-

416 1850 494 1913 dem
510 1856 546 1912 et
560 1849 768 1912 unanimiter
784 1849 1036 1930 responderunt
1054 1848 1147 1930 quod
1163 1848 1365 1912 mandatnm

417 1949 509 2030 regis
524 1948 880 2023 nonfacerent,immo
896 1967 934 2011 se
950 1954 985 2011 et
998 1949 1117 2010 urbem
1127 1947 1361 2022 defenderent,

418 2048 448 2109 si
473 2055 566 2110 esset
587 2063 737 2123 necesse,
762 2065 873 2127 usqne
894 2047 938 2109 ad
963 2053 1120 2109 mortem.
1172 2045 1273 2123 Quod
1301 2065 1364 2108 an·

418 2144 550 2208 dientes
581 2144 727 2225 regulae,
761 2145 929 2208 miserunt
963 2144 1075 2208 denno
1112 2145 1203 2226 quod
1239 2144 1364 2208 saltem

419 2244 574 2307 venirent
588 2243 632 2306 ad
648 2263 784 2305 murum
808 2243 960 2308 civitatis
985 2250 1025 2306 ut
1051 2263 1097 2306 ex
1119 2263 1217 2306 muro
1243 2242 1364 2324 loque-

418 2349 537 2404 rentur
551 2340 596 2403 ad
612 2361 728 2420 regem
744 2342 774 2404 si
789 2361 858 2423 quo
874 2343 976 2406 modo
998 2350 1116 2422 posset
1133 2344 1190 2406 via
1211 2343 1307 2423 pacis
1329 2349 1366 2405 et

418 2439 528 2502 forma
542 2439 710 2502 inveniri:
734 2446 772 2503 at
794 2439 845 2502 illi
870 2440 955 2503 nibil
977 2440 1048 2504 doli
1070 2441 1285 2524 suspicantes
1302 2440 1364 2503 ad·

418 2539 624 2619 quieverunt
644 2538 705 2614 eis,
729 2545 766 2602 et
792 2539 920 2602 relictis
940 2539 1105 2602 custodiis
1129 2541 1212 2616 suis
1230 2558 1365 2601 murum

417 2655 538 2700 versus
560 2645 700 2719 pratum
727 2637 896 2714 adierunt,
922 2639 971 2701 ibi
995 2639 1086 2701 enim
1111 2656 1173 2700 rex
1200 2645 1235 2701 et
1261 2639 1367 2702 robur

417 2738 592 2799 exercitus
625 2735 837 2812 imminebat,
868 2737 1004 2800 interim
1038 2756 1132 2813 vero,
1163 2737 1244 2800 dum
1273 2737 1365 2799 inter

417 2852 535 2913 regem
562 2841 597 2896 et
624 2835 771 2896 barones
789 2835 878 2897 varii
902 2835 1112 2900 haberentur
1138 2841 1306 2899 tractatus
1330 2843 1366 2898 et

291 2955 303 2983 e
336 2954 349 2982 n
418 2930 557 3007 diversi,
572 2931 731 2995 dominus
759 2929 942 3015 Philippus
971 2935 1109 3010 Basset,
1126 2935 1185 3016 qui
1210 2934 1253 2997 ad
1276 2934 1366 2997 banc

306 3003 355 3033 ω
418 3029 617 3093 seditionem
636 3029 749 3094 fuerat
763 3032 1029 3113 praeordinatus,
1040 3052 1117 3096 cum
1133 3038 1142 3066 ⁴
1158 3030 1368 3114 ligonibus'²

278 3104 301 3140 ¹¹⁷
419 3134 454 3191 et
472 3129 710 3193 instrumentis
736 3129 855 3194 ferreis
870 3139 905 3195 et
929 3133 1011 3195 viris
1031 3131 1367 3213 praeparatis,'juxta

418 3229 662 3293 monasterium
680 3229 793 3292 sancti
807 3227 958 3293 Andreae
974 3251 1109 3294 murum
1125 3229 1265 3294 suffodit
1281 3229 1366 3293 civi-

417 3327 514 3403 tatis,
544 3327 741 3408 corruitque
768 3346 887 3392 murus
922 3330 964 3392 de
992 3329 1097 3406 sacili,
1127 3337 1162 3393 et
1191 3328 1285 3392 facta
1314 3337 1368 3392 est

417 3417 582 3508 planicies
597 3445 736 3506 magna,
753 3426 803 3490 ita
829 3428 920 3508 quod
944 3429 979 3490 in
1002 3447 1071 3491 uno
1100 3427 1212 3491 fronte
1232 3427 1365 3508 ingredi

417 3532 559 3605 possent
570 3531 747 3606 equestres
763 3541 825 3589 xn.
838 3547 847 3605 3
863 3527 1054 3608 imputatus
1066 3533 1119 3590 est
1130 3527 1235 3590 etiarn
1245 3533 1255 3561 ⁴
1266 3527 1366 3590 dolus

417 3622 503 3704 ipsis
517 3621 720 3687 monachis’⁸
730 3623 933 3706 alienigenis
945 3625 1038 3708 quod
1049 3625 1301 3689 introeuntibus
1314 3627 1365 3688 in-

417 3719 559 3783 troitum
594 3723 850 3802 praeparabant,
876 3723 1026 3807 dumque
1056 3744 1079 3787 a
1103 3725 1365 3787 transeuntibus

416 3816 510 3881 istud
543 3825 740 3882 cemoretnr
765 3827 801 3884 et
826 3823 957 3886 vexilla
988 3823 1156 3904 regalium
1182 3822 1226 3886 ad
1259 3824 1366 3885 intro·

450 4097 458 4126 ¹
483 4099 654 4162 ‘Philippum
682 4101 816 4165 Marmyon
844 4103 877 4150 de
936 4100 1036 4163 ⁸‘ipse
1058 4103 1134 4152 dolus
1155 4103 1197 4150 vel
1219 4103 1368 4164 monacbis,'

413 4168 503 4230 Vens,’
515 4170 572 4219 MS.
584 4170 650 4221 0011.
662 4171 733 4221 Arm.
902 4172 959 4221 MS.
973 4172 1039 4222 0011.
1050 4171 1138 4232 Arm.;
1156 4171 1214 4222 ‘ille
1229 4173 1303 4223 dolus
1314 4174 1367 4222 illis

448 4235 460 4266 ²
475 4239 671 4303 ‘litationibus'
681 4240 876 4292 Macotaltb.
901 4242 1049 4304 monachis:
1060 4242 1118 4292 MS.
1130 4241 1198 4292 Cott.
1207 4241 1264 4292 Tib.
