3134 4990
407 451 578 505 wanrnal
604 454 649 500 nn
672 455 953 504 nnnrncnuncu.
1086 439 1151 505 201
1178 469 1180 476 ·

1178 629 1270 668 Richard
1279 629 1299 668 1.

1176 680 1202 718 A.
1213 679 1239 718 Ι).
1250 679 1306 718 1194.

1162 732 1312 744 -ι-ι-

261 723 444 812 Quomodol
429 731 615 798 liberatum
635 733 765 798 Ocrcera
779 734 862 798 oculi
875 733 911 798 in
925 734 1089 843 Aeolium.

205 903 367 986 Igitur
388 927 452 970 rex
469 905 662 988 Anglorum
684 913 762 989 post
784 905 1020 972 Alemannicae
1037 909 1151 974 deten-
1163 925 1303 976 meliust·

202 1004 304 1068 tionis
319 1005 459 1069 taedium
475 1006 593 1120 quod
578 1025 651 1090 Jam
664 1025 791 1069 annum
809 1017 1017 1086 excesserat,
1035 1029 1151 1074 mense
1162 977 1264 1017 ”m

202 1103 341 1168 tandem
373 1105 396 1169 J
399 1125 541 1170 anuano
572 1105 770 1170 solemniter
797 1105 976 1174 relaxatus
1007 1116 1081 1188 est3
1116 1117 1151 1176 et

202 1204 320 1268 statim
346 1212 485 1286 portum
511 1206 571 1286 qui
587 1203 744 1288 'Swyna¹
768 1204 894 1297 dicitur
909 1205 1006 1284 adiit,
1021 1158 1100 1271 inde
1116 1210 1152 1274 in

202 1323 346 1384 regnum
387 1305 564 1387 proprium
606 1305 683 1368 Deo
728 1306 878 1386 propitio
928 1308 1150 1372 transiturus.

203 1402 382 1486 ‘Cumque
409 1404 536 1468 ibidem
562 1403 716 1468 diuscule
734 1404 903 1468 demorari
932 1405 1151 1486 cogeretur‚'²

203 1502 277 1566 sive
305 1505 490 1568 necessarii
515 1511 702 1586 apparatus
731 1501 914 1585 ‘gratia,’³
942 1505 1015 1568 sive
1046 1508 1150 1571 etiam

203 1608 344 1684 propter
377 1602 480 1668 flatus
510 1604 686 1678 adversos,
718 1602 861 1666 indultae
888 1605 919 1667 ei
951 1605 1086 1686 gratiae,
1112 1614 1152 1671 ut

204 1701 340 1778 dicitur,
378 1703 620 1786 imperatorem
664 1703 835 1786 poenituit,
880 1711 916 1768 et
954 1704 1150 1770 relaxatum

205 1801 248 1863 ad
283 1809 485 1885 perpetuam
521 1801 771 1868 ‘custodiam’⁴
815 1821 979 1867 revocare
1015 1807 1149 1885 cogita·
1216 1841 1222 1848 ·

204 1901 266 1965 vit.
319 1901 478 1966 Perfidus
511 1923 658 1986 namque
689 1903 876 1984 imperator
903 1910 938 1967 et
967 1902 1150 1968 Alemanni

204 1999 382 2066 instabiles
425 2002 639 2067 conferentes
686 2002 731 2066 ad
776 2002 924 2066 invicem
961 2003 1148 2069 dixerunt:

205 2105 227 2166 f‘
240 2099 367 2179 Quid,'’
385 2102 557 2184 inquiunt,
575 2109 597 2138 “
609 2102 768 2167 fecimus!
787 2102 983 2167 emittentes
998 2103 1041 2168 ad
1058 2104 1150 2168 orbis

204 2201 393 2280 periculum
417 2203 583 2266 tremendi
608 2203 741 2266 roboris
758 2209 793 2266 et
807 2202 949 2266 saevitia:
965 2203 1152 2284 singularis

205 2307 412 2382 tyrannum:
437 2321 520 2384 ergo
543 2302 708 2366 velociter
730 2308 910 2366 revocetur
935 2303 980 2366 ad
1001 2303 1150 2379 vincula,

204 2418 273 2463 non
285 2399 494 2466 relaxandus
508 2403 544 2468 in
559 2402 711 2466 secula.'’
757 2400 846 2480 Quae
861 2402 996 2483 quidem
1014 2421 1069 2468 res
1083 2423 1152 2467 non

205 2499 309 2566 latuit
335 2501 505 2582 quendam
538 2503 630 2584 regis
663 2501 806 2566 Ricardi
835 2501 1050 2578 benevolum,
1080 2502 1151 2584 qui,

205 2599 368 2664 festinato
384 2602 508 2666 nuncio
522 2602 630 2666 eidem
648 2601 825 2678 mittendo,
835 2601 1008 2666 consuluit
1020 2611 1059 2666 ut
1073 2621 1151 2666 con·
1164 2620 1199 2660 u·
1210 2620 1303 2708 seolun

206 2699 319 2764 testim
357 2721 481 2765 navem
514 2701 713 2778 ascendens,
744 2721 783 2766 se
820 2701 937 2782 potius
974 2671 1310 2765 element1s¹⁰¹³⁰⁸⁸⁰⁶

206 2819 310 2880 quam
327 2799 441 2865 infidis
456 2802 649 2866 hominibus
665 2800 831 2877 crederet,
846 2801 938 2883 quod
955 2809 992 2865 et
1023 2799 1154 2866 factum

207 2905 260 2964 est
287 2906 356 2962 tam
373 2900 486 2966 ‚celeri
513 2920 616 2984 quam
643 2910 678 2965 et
705 2899 836 2963 salubri
863 2901 1010 2965 cautela.
1064 2899 1153 2966 Mox

208 2996 472 3080 ‘imperatorii'⁵
483 3001 698 3083 apparitores
713 2999 852 3077 affuere,
868 3008 902 3065 et
917 3020 995 3063 eum
1006 3000 1042 3062 in
1057 3001 1153 3065 arido

208 3117 274 3160 non
307 3098 486 3164 inventum
521 3120 583 3182 per
613 3100 787 3183 liquidum
811 3101 911 3182 sequi
942 3100 1151 3164 timuerunt:

207 3197 293 3261 talia
303 3197 502 3280 imperatori
511 3201 765 3276 renunciantes,
778 3198 957 3263 confestim
967 3199 1154 3280 imperator

207 3297 418 3379 praecipitem
436 3299 540 3362 animi
563 3299 616 3363 sui
641 3306 771 3363 motum
788 3299 824 3362 in
840 3297 1001 3362 innoxios
1018 3297 1153 3362 obsides

207 3398 396 3474 transtulit,
411 3405 446 3462 et
462 3418 549 3480 quos
571 3399 666 3481 prius
688 3397 923 3478 indulgentius
945 3396 1153 3480 liberiusque

207 3493 343 3572 habuit,
356 3497 495 3562 arctiori
500 3498 575 3581 jam
591 3498 749 3563 custodia
764 3487 1005 3579 ‘castigavit.’⁶
1043 3497 1153 3561 Porro

207 3615 322 3676 regem
340 3595 532 3678 Anglorum
551 3596 692 3662 secundi
715 3597 821 3661 ssatus
846 3597 1069 3679 excipientes
1085 3595 1154 3660 sal·

207 3713 287 3758 vum
305 3704 410 3778 atque
426 3698 632 3762 incolumem
649 3717 727 3762 cum
745 3698 837 3762 omni
861 3697 1028 3762 comitatu
1047 3717 1155 3778 regno

243 3859 249 3888 ¹
269 3855 433 3918 Richard,on
444 3859 572 3920 receiving
583 3857 669 3906 thein-
732 3852 937 3918 ³‘prouidentia
1004 3855 1156 3917 reparandi,’

208 3927 351 3989 telligence,
367 3928 540 3989 immediately
553 3927 670 3976 embark·
697 3927 773 3976 MSS.
786 3926 852 3975 Coll.
864 3926 936 3975 Arm.
949 3925 1000 3974 and
1011 3925 1077 3973 Gott.
1089 3924 1146 3973 Tib.

208 3998 239 4046 ed
250 4004 278 4046 at
288 3999 421 4059 Antwerp,
434 3998 460 4046 in
471 3997 513 4045 the
525 3997 607 4046 vessel
619 3996 670 4045 ola
731 3995 742 4024 ⁴
759 3995 874 4044 Omitted
886 3997 911 4042 in
925 3994 982 4042 MS.
992 3993 1058 4042 coll.
1070 3994 1155 4052 Arm.;

208 4067 322 4116 Norman
338 4067 468 4115 merchant
485 4067 575 4116 named
592 4066 670 4116 Alain
695 4064 897 4125 ‘detentionem'
911 4062 1042 4112 nacon.
1050 4062 1108 4111 Tib.

206 4137 383 4186 Tranchemer.
730 4131 740 4162 ⁶
758 4131 893 4195 ‘imperii'
905 4133 962 4181 MS.
975 4132 1068 4180 Lansd.

245 4203 255 4231 ²
270 4206 387 4254 Inserted
397 4205 460 4254 from
474 4206 530 4255 MS.
544 4205 638 4254 Lansd.
730 4198 740 4230 ⁶
757 4202 947 4264 ‘mancipavit‚’
962 4202 1019 4250 MS.
1033 4201 1128 4250 Lansd.
