<?xml version="1.0" encoding="UTF-8"?>
<!DOCTYPE html PUBLIC "-//W3C//DTD XHTML 1.0 Transitional//EN"
    "http://www.w3.org/TR/xhtml1/DTD/xhtml1-transitional.dtd">
<html xmlns="http://www.w3.org/1999/xhtml" xml:lang="en" lang="en">
 <head>
  <title>
</title>
<meta http-equiv="Content-Type" content="text/html;charset=utf-8" />
  <meta name='ocr-system' content='tesseract 3.04.00' />
  <meta name='ocr-capabilities' content='ocr_page ocr_carea ocr_par ocr_line ocrx_word'/>
</head>
<body>
  <div class='ocr_page' id='page_1' title='image "./chronicondomini01hamigoog_0129.png"; bbox 0 0 3116 4990; ppageno 0'>
   <div class='ocr_carea' id='block_1_1' title="bbox 400 485 1138 552">
    <p class='ocr_par' dir='ltr' id='par_1_1' title="bbox 400 485 1138 552">
     <span class='ocr_line' id='line_1_1' title="bbox 400 485 1138 552; baseline 0.008 -6"><span class='ocrx_word' id='word_1_1' title='bbox 400 499 571 547; x_wconf 72' lang='lat' dir='ltr'>weuram</span> <span class='ocrx_word' id='word_1_2' title='bbox 595 499 643 546; x_wconf 87' lang='lat' dir='ltr'>nn</span> <span class='ocrx_word' id='word_1_3' title='bbox 664 499 948 548; x_wconf 68' lang='lat' dir='ltr'>mrucnunen.</span> <span class='ocrx_word' id='word_1_4' title='bbox 1067 485 1138 552; x_wconf 62' lang='lat'>‘107</span> 
     </span>
    </p>
   </div>
   <div class='ocr_carea' id='block_1_2' title="bbox 72 655 1297 4015">
    <p class='ocr_par' dir='ltr' id='par_1_2' title="bbox 72 655 1297 4015">
     <span class='ocr_line' id='line_1_2' title="bbox 187 655 1287 760; baseline 0.006 -42"><span class='ocrx_word' id='word_1_5' title='bbox 187 675 266 719; x_wconf 90' lang='lat' dir='ltr'>cum</span> <span class='ocrx_word' id='word_1_6' title='bbox 302 675 366 720; x_wconf 85' lang='lat' dir='ltr'>rex</span> <span class='ocrx_word' id='word_1_7' title='bbox 405 655 599 735; x_wconf 80' lang='lat' dir='ltr'><strong>Scotorum,</strong></span> <span class='ocrx_word' id='word_1_8' title='bbox 637 656 789 722; x_wconf 76' lang='lat' dir='ltr'>adventa-</span> <span class='ocrx_word' id='word_1_9' title='bbox 823 677 944 722; x_wconf 51' lang='lat' dir='ltr'>¹eorum</span> <span class='ocrx_word' id='word_1_10' title='bbox 982 678 1137 743; x_wconf 80' lang='lat' dir='ltr'>prrecog·</span> <span class='ocrx_word' id='word_1_11' title='bbox 1164 669 1287 760; x_wconf 55' lang='lat' dir='ltr'>ss‘fflril&#39;.</span> 
     </span>
     <span class='ocr_line' id='line_1_3' title="bbox 186 755 1297 838; baseline 0.006 -20"><span class='ocrx_word' id='word_1_12' title='bbox 186 756 272 834; x_wconf 91' lang='lat' dir='ltr'>nito,</span> <span class='ocrx_word' id='word_1_13' title='bbox 301 755 439 838; x_wconf 80' lang='lat' dir='ltr'>longius</span> <span class='ocrx_word' id='word_1_14' title='bbox 460 757 496 819; x_wconf 91' lang='lat' dir='ltr'>in</span> <span class='ocrx_word' id='word_1_15' title='bbox 518 763 617 838; x_wconf 86' lang='lat' dir='ltr'>parte</span> <span class='ocrx_word' id='word_1_16' title='bbox 642 764 852 822; x_wconf 79' lang='lat' dir='ltr'>recesserat:</span> <span class='ocrx_word' id='word_1_17' title='bbox 877 777 950 822; x_wconf 85' lang='lat' dir='ltr'>suae</span> <span class='ocrx_word' id='word_1_18' title='bbox 978 759 1043 823; x_wconf 91' lang='lat' dir='ltr'>hoc</span> <span class='ocrx_word' id='word_1_19' title='bbox 1065 774 1297 824; x_wconf 63' lang='lat' dir='ltr'>me*—</span> 
     </span>
     <span class='ocr_line' id='line_1_4' title="bbox 187 855 1138 938; baseline 0.006 -20"><span class='ocrx_word' id='word_1_20' title='bbox 187 855 361 921; x_wconf 84' lang='lat' dir='ltr'>diocritati</span> <span class='ocrx_word' id='word_1_21' title='bbox 383 875 447 937; x_wconf 90' lang='lat' dir='ltr'>pro</span> <span class='ocrx_word' id='word_1_22' title='bbox 469 863 624 938; x_wconf 85' lang='lat' dir='ltr'>tempore</span> <span class='ocrx_word' id='word_1_23' title='bbox 646 856 770 921; x_wconf 90' lang='lat' dir='ltr'>debere</span> <span class='ocrx_word' id='word_1_24' title='bbox 793 855 960 935; x_wconf 86' lang='lat' dir='ltr'>sufficere,</span> <span class='ocrx_word' id='word_1_25' title='bbox 976 879 1040 922; x_wconf 89' lang='lat' dir='ltr'>nec</span> <span class='ocrx_word' id='word_1_26' title='bbox 1062 879 1138 924; x_wconf 83' lang='lat' dir='ltr'>esse</span> 
     </span>
     <span class='ocr_line' id='line_1_5' title="bbox 187 955 1139 1040; baseline 0.005 -22"><span class='ocrx_word' id='word_1_27' title='bbox 187 955 238 1018; x_wconf 88' lang='lat' dir='ltr'>eis</span> <span class='ocrx_word' id='word_1_28' title='bbox 260 963 374 1019; x_wconf 92' lang='lat' dir='ltr'>tutum</span> <span class='ocrx_word' id='word_1_29' title='bbox 399 955 543 1018; x_wconf 87' lang='lat' dir='ltr'>ulterius</span> <span class='ocrx_word' id='word_1_30' title='bbox 565 956 738 1038; x_wconf 81' lang='lat' dir='ltr'>progredi,</span> <span class='ocrx_word' id='word_1_31' title='bbox 761 977 804 1020; x_wconf 91' lang='lat' dir='ltr'>ne</span> <span class='ocrx_word' id='word_1_32' title='bbox 821 957 910 1022; x_wconf 84' lang='lat' dir='ltr'>forte</span> <span class='ocrx_word' id='word_1_33' title='bbox 929 958 1139 1040; x_wconf 85' lang='lat' dir='ltr'>paucitatem</span> 
     </span>
     <span class='ocr_line' id='line_1_6' title="bbox 188 1054 1140 1141; baseline 0.007 -25"><span class='ocrx_word' id='word_1_34' title='bbox 188 1073 288 1117; x_wconf 86' lang='lat' dir='ltr'>suam</span> <span class='ocrx_word' id='word_1_35' title='bbox 313 1054 457 1118; x_wconf 82' lang='lat' dir='ltr'>infinitae</span> <span class='ocrx_word' id='word_1_36' title='bbox 482 1056 707 1137; x_wconf 77' lang='lat' dir='ltr'>barbarorum</span> <span class='ocrx_word' id='word_1_37' title='bbox 742 1056 957 1122; x_wconf 83' lang='lat' dir='ltr'>multitudini</span> <span class='ocrx_word' id='word_1_38' title='bbox 988 1078 1140 1141; x_wconf 85' lang='lat' dir='ltr'>expone·</span> 
     </span>
     <span class='ocr_line' id='line_1_7' title="bbox 72 1141 1139 1240; baseline 0.007 -25"><span class='ocrx_word' id='word_1_39' title='bbox 72 1141 75 1149; x_wconf 70' lang='grc'><strong>’</strong></span> <span class='ocrx_word' id='word_1_40' title='bbox 188 1161 268 1218; x_wconf 87' lang='lat' dir='ltr'>rent</span> <span class='ocrx_word' id='word_1_41' title='bbox 299 1152 552 1219; x_wconf 88' lang='lat' dir='ltr'>devorandam:</span> <span class='ocrx_word' id='word_1_42' title='bbox 577 1156 713 1237; x_wconf 85' lang='lat' dir='ltr'>sibique</span> <span class='ocrx_word' id='word_1_43' title='bbox 742 1175 815 1220; x_wconf 87' lang='lat' dir='ltr'>non</span> <span class='ocrx_word' id='word_1_44' title='bbox 847 1175 924 1220; x_wconf 87' lang='lat' dir='ltr'>esse</span> <span class='ocrx_word' id='word_1_45' title='bbox 957 1157 1139 1240; x_wconf 80' lang='lat' dir='ltr'>plusquam</span> 
     </span>
     <span class='ocr_line' id='line_1_8' title="bbox 189 1253 1140 1340; baseline 0.006 -26"><span class='ocrx_word' id='word_1_46' title='bbox 189 1253 462 1334; x_wconf 62' lang='lat' dir='ltr'>quadringentos</span> <span class='ocrx_word' id='word_1_47' title='bbox 479 1255 622 1337; x_wconf 83' lang='lat' dir='ltr'>equites,</span> <span class='ocrx_word' id='word_1_48' title='bbox 638 1255 725 1318; x_wconf 90' lang='lat' dir='ltr'>etin</span> <span class='ocrx_word' id='word_1_49' title='bbox 740 1253 858 1319; x_wconf 87' lang='lat' dir='ltr'>hostili</span> <span class='ocrx_word' id='word_1_50' title='bbox 874 1257 1029 1320; x_wconf 78' lang='lat' dir='ltr'>exercitu</span> <span class='ocrx_word' id='word_1_51' title='bbox 1044 1257 1140 1340; x_wconf 84' lang='lat' dir='ltr'>plus·</span> 
     </span>
     <span class='ocr_line' id='line_1_9' title="bbox 186 1352 1138 1434; baseline 0.003 -19"><span class='ocrx_word' id='word_1_52' title='bbox 186 1372 295 1434; x_wconf 85' lang='lat' dir='ltr'>quam</span> <span class='ocrx_word' id='word_1_53' title='bbox 309 1353 487 1434; x_wconf 83' lang='lat' dir='ltr'>octoginta</span> <span class='ocrx_word' id='word_1_54' title='bbox 501 1361 713 1418; x_wconf 89' lang='lat' dir='ltr'>armatorum</span> <span class='ocrx_word' id='word_1_55' title='bbox 731 1352 838 1418; x_wconf 92' lang='lat' dir='ltr'>millia</span> <span class='ocrx_word' id='word_1_56' title='bbox 853 1356 1028 1422; x_wconf 73' lang='lat' dir='ltr'>estimm‘n</span> <span class='ocrx_word' id='word_1_57' title='bbox 1081 1354 1138 1419; x_wconf 86' lang='lat' dir='ltr'>Ad</span> 
     </span>
     <span class='ocr_line' id='line_1_10' title="bbox 190 1452 1227 1537; baseline 0.005 -23"><span class='ocrx_word' id='word_1_58' title='bbox 190 1452 266 1516; x_wconf 89' lang='lat' dir='ltr'>heec</span> <span class='ocrx_word' id='word_1_59' title='bbox 300 1453 525 1516; x_wconf 82' lang='lat' dir='ltr'>ferventiores</span> <span class='ocrx_word' id='word_1_60' title='bbox 554 1453 817 1536; x_wconf 84' lang='lat' dir='ltr'>responderunt,</span> <span class='ocrx_word' id='word_1_61' title='bbox 846 1453 964 1518; x_wconf 83' lang='lat' dir='ltr'>hostes</span> <span class='ocrx_word' id='word_1_62' title='bbox 1000 1456 1138 1537; x_wconf 86' lang='lat' dir='ltr'>nequis·</span> <span class='ocrx_word' id='word_1_63' title='bbox 1223 1470 1227 1476; x_wconf 87' lang='grc'><em>·</em></span> 
     </span>
     <span class='ocr_line' id='line_1_11' title="bbox 185 1550 1139 1635; baseline 0.004 -19"><span class='ocrx_word' id='word_1_64' title='bbox 185 1550 295 1616; x_wconf 84' lang='lat' dir='ltr'>simos</span> <span class='ocrx_word' id='word_1_65' title='bbox 317 1551 428 1616; x_wconf 81' lang='lat' dir='ltr'>modis</span> <span class='ocrx_word' id='word_1_66' title='bbox 449 1553 609 1616; x_wconf 88' lang='lat' dir='ltr'>omnibus</span> <span class='ocrx_word' id='word_1_67' title='bbox 630 1571 705 1616; x_wconf 88' lang='lat' dir='ltr'>esse</span> <span class='ocrx_word' id='word_1_68' title='bbox 727 1553 956 1635; x_wconf 86' lang='lat' dir='ltr'>impetendos,</span> <span class='ocrx_word' id='word_1_69' title='bbox 976 1561 1012 1618; x_wconf 91' lang='lat' dir='ltr'>et</span> <span class='ocrx_word' id='word_1_70' title='bbox 1029 1556 1139 1620; x_wconf 87' lang='lat' dir='ltr'>victo·</span> 
     </span>
     <span class='ocr_line' id='line_1_12' title="bbox 190 1651 1139 1737; baseline 0.003 -22"><span class='ocrx_word' id='word_1_71' title='bbox 190 1651 275 1715; x_wconf 83' lang='lat' dir='ltr'>riam</span> <span class='ocrx_word' id='word_1_72' title='bbox 291 1651 469 1734; x_wconf 84' lang='lat' dir='ltr'>desperari</span> <span class='ocrx_word' id='word_1_73' title='bbox 490 1671 559 1714; x_wconf 89' lang='lat' dir='ltr'>non</span> <span class='ocrx_word' id='word_1_74' title='bbox 582 1653 717 1729; x_wconf 86' lang='lat' dir='ltr'>debere,</span> <span class='ocrx_word' id='word_1_75' title='bbox 730 1672 809 1735; x_wconf 82' lang='lat' dir='ltr'>quae</span> <span class='ocrx_word' id='word_1_76' title='bbox 825 1653 1051 1734; x_wconf 87' lang='lat' dir='ltr'>proculdubio</span> <span class='ocrx_word' id='word_1_77' title='bbox 1061 1655 1139 1737; x_wconf 84' lang='lat' dir='ltr'>jus·</span> 
     </span>
     <span class='ocr_line' id='line_1_13' title="bbox 191 1750 1141 1834; baseline 0.006 -21"><span class='ocrx_word' id='word_1_78' title='bbox 191 1750 304 1814; x_wconf 85' lang='lat' dir='ltr'>titiam</span> <span class='ocrx_word' id='word_1_79' title='bbox 345 1758 557 1832; x_wconf 83' lang='lat' dir='ltr'>sequeretur.</span> <span class='ocrx_word' id='word_1_80' title='bbox 610 1751 770 1834; x_wconf 89' lang='lat' dir='ltr'>Denique</span> <span class='ocrx_word' id='word_1_81' title='bbox 808 1751 931 1816; x_wconf 87' lang='lat' dir='ltr'>horum</span> <span class='ocrx_word' id='word_1_82' title='bbox 969 1755 1141 1819; x_wconf 83' lang='lat' dir='ltr'>sententia</span> 
     </span>
     <span class='ocr_line' id='line_1_14' title="bbox 191 1849 1140 1937; baseline 0.003 -22"><span class='ocrx_word' id='word_1_83' title='bbox 191 1849 414 1930; x_wconf 81' lang='lat' dir='ltr'>praernlente,</span> <span class='ocrx_word' id='word_1_84' title='bbox 436 1859 476 1915; x_wconf 91' lang='lat' dir='ltr'>ut</span> <span class='ocrx_word' id='word_1_85' title='bbox 502 1851 709 1915; x_wconf 88' lang='lat' dir='ltr'>ordinationi</span> <span class='ocrx_word' id='word_1_86' title='bbox 740 1851 866 1916; x_wconf 84' lang='lat' dir='ltr'>divinae</span> <span class='ocrx_word' id='word_1_87' title='bbox 900 1853 1010 1934; x_wconf 80' lang='lat' dir='ltr'>magis</span> <span class='ocrx_word' id='word_1_88' title='bbox 1036 1873 1140 1937; x_wconf 79' lang='lat' dir='ltr'>quum</span> 
     </span>
     <span class='ocr_line' id='line_1_15' title="bbox 189 1948 1141 2035; baseline 0.005 -23"><span class='ocrx_word' id='word_1_89' title='bbox 189 1948 350 2014; x_wconf 75' lang='lat' dir='ltr'>humanae</span> <span class='ocrx_word' id='word_1_90' title='bbox 375 1951 540 2032; x_wconf 74' lang='lat' dir='ltr'>potentine</span> <span class='ocrx_word' id='word_1_91' title='bbox 567 1951 796 2015; x_wconf 80' lang='lat' dir='ltr'>ascriberetur</span> <span class='ocrx_word' id='word_1_92' title='bbox 820 1958 978 2028; x_wconf 82' lang='lat' dir='ltr'>eventus,</span> <span class='ocrx_word' id='word_1_93' title='bbox 1004 1953 1039 2014; x_wconf 91' lang='lat' dir='ltr'>in</span> <span class='ocrx_word' id='word_1_94' title='bbox 1063 1955 1141 2035; x_wconf 90' lang='lat' dir='ltr'>qui-</span> 
     </span>
     <span class='ocr_line' id='line_1_16' title="bbox 166 2049 1141 2134; baseline 0.005 -22"><span class='ocrx_word' id='word_1_95' title='bbox 166 2049 257 2134; x_wconf 64' lang='lat' dir='ltr'>⁴bus</span> <span class='ocrx_word' id='word_1_96' title='bbox 272 2056 372 2112; x_wconf 89' lang='lat' dir='ltr'>erant</span> <span class='ocrx_word' id='word_1_97' title='bbox 398 2049 565 2131; x_wconf 82' lang='lat' dir='ltr'>praecipui</span> <span class='ocrx_word' id='word_1_98' title='bbox 590 2049 765 2114; x_wconf 73' lang='lat' dir='ltr'>liebertus</span> <span class='ocrx_word' id='word_1_99' title='bbox 784 2049 827 2114; x_wconf 90' lang='lat' dir='ltr'>de</span> <span class='ocrx_word' id='word_1_100' title='bbox 849 2049 1047 2127; x_wconf 81' lang='lat' dir='ltr'>Stotevilla,</span> <span class='ocrx_word' id='word_1_101' title='bbox 1069 2052 1141 2117; x_wconf 86' lang='lat' dir='ltr'>Ra-</span> 
     </span>
     <span class='ocr_line' id='line_1_17' title="bbox 194 2147 1143 2235; baseline 0.005 -26"><span class='ocrx_word' id='word_1_102' title='bbox 194 2147 347 2230; x_wconf 85' lang='lat' dir='ltr'>nulpbus</span> <span class='ocrx_word' id='word_1_103' title='bbox 383 2148 426 2211; x_wconf 90' lang='lat' dir='ltr'>de</span> <span class='ocrx_word' id='word_1_104' title='bbox 462 2147 673 2224; x_wconf 82' lang='lat' dir='ltr'>Glanevilla,</span> <span class='ocrx_word' id='word_1_105' title='bbox 703 2148 911 2213; x_wconf 90' lang='lat' dir='ltr'>Willielmus</span> <span class='ocrx_word' id='word_1_106' title='bbox 939 2147 982 2213; x_wconf 90' lang='lat' dir='ltr'>de</span> <span class='ocrx_word' id='word_1_107' title='bbox 1012 2151 1143 2235; x_wconf 85' lang='lat' dir='ltr'>Vescy,</span> 
     </span>
     <span class='ocr_line' id='line_1_18' title="bbox 189 2247 1142 2333; baseline 0.004 -23"><span class='ocrx_word' id='word_1_108' title='bbox 189 2247 390 2312; x_wconf 76' lang='lat' dir='ltr'>Bernartius</span> <span class='ocrx_word' id='word_1_109' title='bbox 408 2247 451 2310; x_wconf 91' lang='lat' dir='ltr'>de</span> <span class='ocrx_word' id='word_1_110' title='bbox 470 2247 632 2324; x_wconf 83' lang='lat' dir='ltr'>Balliolo,</span> <span class='ocrx_word' id='word_1_111' title='bbox 647 2254 817 2312; x_wconf 87' lang='lat' dir='ltr'>nocturna</span> <span class='ocrx_word' id='word_1_112' title='bbox 833 2250 951 2330; x_wconf 89' lang='lat' dir='ltr'>requie</span> <span class='ocrx_word' id='word_1_113' title='bbox 965 2250 1142 2333; x_wconf 88' lang='lat' dir='ltr'>paulisper</span> 
     </span>
     <span class='ocr_line' id='line_1_19' title="bbox 191 2347 1142 2429; baseline 0.007 -21"><span class='ocrx_word' id='word_1_114' title='bbox 191 2347 351 2423; x_wconf 83' lang='lat' dir='ltr'>recreati,</span> <span class='ocrx_word' id='word_1_115' title='bbox 365 2365 500 2410; x_wconf 83' lang='lat' dir='ltr'>summo</span> <span class='ocrx_word' id='word_1_116' title='bbox 529 2365 629 2410; x_wconf 85' lang='lat' dir='ltr'>mane</span> <span class='ocrx_word' id='word_1_117' title='bbox 654 2347 828 2429; x_wconf 81' lang='lat' dir='ltr'>progressi</span> <span class='ocrx_word' id='word_1_118' title='bbox 853 2357 947 2424; x_wconf 88' lang='lat' dir='ltr'>sunt,</span> <span class='ocrx_word' id='word_1_119' title='bbox 969 2357 1070 2414; x_wconf 83' lang='lat' dir='ltr'>tanta</span> <span class='ocrx_word' id='word_1_120' title='bbox 1084 2347 1142 2414; x_wconf 74' lang='lat' dir='ltr'>ve·&#39;</span> 
     </span>
     <span class='ocr_line' id='line_1_20' title="bbox 190 2445 1142 2528; baseline 0.007 -20"><span class='ocrx_word' id='word_1_121' title='bbox 190 2445 330 2509; x_wconf 86' lang='lat' dir='ltr'>locitate</span> <span class='ocrx_word' id='word_1_122' title='bbox 366 2454 605 2528; x_wconf 69' lang='lat' dir='ltr'>properantes</span> <span class='ocrx_word' id='word_1_123' title='bbox 646 2453 685 2510; x_wconf 90' lang='lat' dir='ltr'>ut</span> <span class='ocrx_word' id='word_1_124' title='bbox 726 2447 932 2527; x_wconf 88' lang='lat' dir='ltr'>quibusdam</span> <span class='ocrx_word' id='word_1_125' title='bbox 967 2467 1142 2514; x_wconf 86' lang='lat' dir='ltr'>armorum</span> 
     </span>
     <span class='ocr_line' id='line_1_21' title="bbox 190 2544 1142 2626; baseline 0.004 -18"><span class='ocrx_word' id='word_1_126' title='bbox 190 2545 341 2626; x_wconf 88' lang='lat' dir='ltr'>pondere</span> <span class='ocrx_word' id='word_1_127' title='bbox 378 2545 534 2626; x_wconf 81' lang='lat' dir='ltr'>gravatis</span> <span class='ocrx_word' id='word_1_128' title='bbox 581 2544 695 2608; x_wconf 88' lang='lat' dir='ltr'>minus</span> <span class='ocrx_word' id='word_1_129' title='bbox 733 2544 911 2610; x_wconf 83' lang='lat' dir='ltr'>tolerabile</span> <span class='ocrx_word' id='word_1_130' title='bbox 949 2547 1142 2626; x_wconf 84' lang='lat' dir='ltr'>videbatur,</span> 
     </span>
     <span class='ocr_line' id='line_1_22' title="bbox 191 2641 1143 2730; baseline 0.006 -24"><span class='ocrx_word' id='word_1_131' title='bbox 191 2641 338 2708; x_wconf 81' lang='lat' dir='ltr'>‘nem&#39;l</span> <span class='ocrx_word' id='word_1_132' title='bbox 367 2650 451 2708; x_wconf 91' lang='lat' dir='ltr'>ante</span> <span class='ocrx_word' id='word_1_133' title='bbox 473 2644 594 2709; x_wconf 87' lang='lat' dir='ltr'>horam</span> <span class='ocrx_word' id='word_1_134' title='bbox 616 2644 772 2725; x_wconf 89' lang='lat' dir='ltr'>quintam</span> <span class='ocrx_word' id='word_1_135' title='bbox 805 2661 912 2710; x_wconf 81' lang='lat' dir='ltr'><strong>xxw.</strong></span> <span class='ocrx_word' id='word_1_136' title='bbox 934 2646 1042 2710; x_wconf 88' lang='lat' dir='ltr'>millia</span> <span class='ocrx_word' id='word_1_137' title='bbox 1062 2667 1143 2730; x_wconf 83' lang='lat' dir='ltr'>pas-</span> 
     </span>
     <span class='ocr_line' id='line_1_23' title="bbox 193 2731 1142 2823; baseline 0.006 -17"><span class='ocrx_word' id='word_1_138' title='bbox 193 2761 295 2808; x_wconf 88' lang='lat' dir='ltr'>suum</span> <span class='ocrx_word' id='word_1_139' title='bbox 328 2749 587 2818; x_wconf 83' lang='lat' dir='ltr'>transmearent.</span> <span class='ocrx_word' id='word_1_140' title='bbox 643 2731 777 2810; x_wconf 79' lang='lat' dir='ltr'>Verum</span> <span class='ocrx_word' id='word_1_141' title='bbox 813 2745 894 2808; x_wconf 90' lang='lat' dir='ltr'>dum</span> <span class='ocrx_word' id='word_1_142' title='bbox 928 2745 1030 2823; x_wconf 90' lang='lat' dir='ltr'>irent,</span> <span class='ocrx_word' id='word_1_143' title='bbox 1069 2754 1142 2812; x_wconf 84' lang='lat' dir='ltr'>tam</span> 
     </span>
     <span class='ocr_line' id='line_1_24' title="bbox 190 2841 1142 2929; baseline 0.005 -24"><span class='ocrx_word' id='word_1_144' title='bbox 190 2841 299 2908; x_wconf 86' lang='lat' dir='ltr'>densa</span> <span class='ocrx_word' id='word_1_145' title='bbox 323 2861 382 2908; x_wconf 83' lang='lat' dir='ltr'>eos</span> <span class='ocrx_word' id='word_1_146' title='bbox 407 2843 542 2924; x_wconf 87' lang='lat' dir='ltr'>operuit</span> <span class='ocrx_word' id='word_1_147' title='bbox 558 2843 687 2906; x_wconf 86' lang='lat' dir='ltr'>nebula</span> <span class='ocrx_word' id='word_1_148' title='bbox 712 2850 752 2907; x_wconf 92' lang='lat' dir='ltr'>ut</span> <span class='ocrx_word' id='word_1_149' title='bbox 773 2861 861 2924; x_wconf 86' lang='lat' dir='ltr'>pene</span> <span class='ocrx_word' id='word_1_150' title='bbox 877 2845 1050 2909; x_wconf 86' lang='lat' dir='ltr'>nescirent</span> <span class='ocrx_word' id='word_1_151' title='bbox 1072 2866 1142 2929; x_wconf 88' lang='lat' dir='ltr'>quo</span> 
     </span>
     <span class='ocr_line' id='line_1_25' title="bbox 192 2941 1144 3024; baseline 0.003 -18"><span class='ocrx_word' id='word_1_152' title='bbox 192 2941 292 3006; x_wconf 74' lang='lat' dir='ltr'>ment.</span> <span class='ocrx_word' id='word_1_153' title='bbox 327 2941 439 3007; x_wconf 88' lang='lat' dir='ltr'>‘Tum</span> <span class='ocrx_word' id='word_1_154' title='bbox 456 2941 724 3024; x_wconf 75' lang='lat' dir='ltr'>prudentiores&#39;2</span> <span class='ocrx_word' id='word_1_155' title='bbox 739 2944 970 3024; x_wconf 86' lang='lat' dir='ltr'>periculosum</span> <span class='ocrx_word' id='word_1_156' title='bbox 985 2944 1051 3009; x_wconf 89' lang='lat' dir='ltr'>iter</span> <span class='ocrx_word' id='word_1_157' title='bbox 1062 2965 1144 3010; x_wconf 89' lang='lat' dir='ltr'>cau·</span> 
     </span>
     <span class='ocr_line' id='line_1_26' title="bbox 192 3041 1144 3121; baseline 0.005 -18"><span class='ocrx_word' id='word_1_158' title='bbox 192 3047 312 3106; x_wconf 83' lang='lat' dir='ltr'>santes</span> <span class='ocrx_word' id='word_1_159' title='bbox 329 3048 467 3107; x_wconf 83' lang='lat' dir='ltr'>certum</span> <span class='ocrx_word' id='word_1_160' title='bbox 491 3041 673 3107; x_wconf 87' lang='lat' dir='ltr'>discrimen</span> <span class='ocrx_word' id='word_1_161' title='bbox 696 3042 872 3107; x_wconf 90' lang='lat' dir='ltr'>imminere</span> <span class='ocrx_word' id='word_1_162' title='bbox 890 3043 1063 3121; x_wconf 82' lang='lat' dir='ltr'>dixerunt,</span> <span class='ocrx_word' id='word_1_163' title='bbox 1078 3045 1144 3108; x_wconf 87' lang='lat' dir='ltr'>nisi</span> 
     </span>
     <span class='ocr_line' id='line_1_27' title="bbox 196 3137 1144 3207; baseline 0.003 -3"><span class='ocrx_word' id='word_1_164' title='bbox 196 3159 278 3204; x_wconf 84' lang='lat' dir='ltr'>max</span> <span class='ocrx_word' id='word_1_165' title='bbox 297 3140 452 3204; x_wconf 85' lang='lat' dir='ltr'>redirent</span> <span class='ocrx_word' id='word_1_166' title='bbox 475 3141 642 3206; x_wconf 84' lang='lat' dir='ltr'>conversi.</span> <span class='ocrx_word' id='word_1_167' title='bbox 695 3139 751 3206; x_wconf 86' lang='lat' dir='ltr'>Ad</span> <span class='ocrx_word' id='word_1_168' title='bbox 777 3140 852 3204; x_wconf 85' lang='lat' dir='ltr'>haee</span> <span class='ocrx_word' id='word_1_169' title='bbox 879 3137 1079 3206; x_wconf 75' lang='lat' dir='ltr'>Bernardu&#39;s</span> <span class='ocrx_word' id='word_1_170' title='bbox 1100 3144 1144 3207; x_wconf 88' lang='lat' dir='ltr'>de</span> 
     </span>
     <span class='ocr_line' id='line_1_28' title="bbox 196 3239 1143 3320; baseline 0.003 -18"><span class='ocrx_word' id='word_1_171' title='bbox 196 3239 358 3316; x_wconf 87' lang='lat' dir='ltr'>Balliole,</span> <span class='ocrx_word' id='word_1_172' title='bbox 373 3240 426 3304; x_wconf 82' lang='lat' dir='ltr'>vir</span> <span class='ocrx_word' id='word_1_173' title='bbox 451 3240 574 3304; x_wconf 85' lang='lat' dir='ltr'>nobilis</span> <span class='ocrx_word' id='word_1_174' title='bbox 589 3246 624 3303; x_wconf 90' lang='lat' dir='ltr'>et</span> <span class='ocrx_word' id='word_1_175' title='bbox 639 3241 891 3320; x_wconf 76' lang='lat' dir='ltr'>magnanimus,</span> <span class='ocrx_word' id='word_1_176' title='bbox 914 3245 937 3274; x_wconf 76' lang='lat'>‘⁴</span> <span class='ocrx_word' id='word_1_177' title='bbox 950 3241 1143 3319; x_wconf 81' lang='lat' dir='ltr'>Recedet,&#39;&#39;</span> 
     </span>
     <span class='ocr_line' id='line_1_29' title="bbox 196 3337 1145 3420; baseline 0.005 -20"><span class='ocrx_word' id='word_1_178' title='bbox 196 3337 319 3419; x_wconf 86' lang='lat' dir='ltr'>inquit,</span> <span class='ocrx_word' id='word_1_179' title='bbox 337 3345 360 3376; x_wconf 88' lang='lat'><strong>“</strong></span> <span class='ocrx_word' id='word_1_180' title='bbox 372 3339 431 3420; x_wconf 92' lang='lat' dir='ltr'>qui</span> <span class='ocrx_word' id='word_1_181' title='bbox 444 3339 612 3416; x_wconf 86' lang='lat' dir='ltr'>voluerit;</span> <span class='ocrx_word' id='word_1_182' title='bbox 636 3356 702 3418; x_wconf 76' lang='lat' dir='ltr'>ego</span> <span class='ocrx_word' id='word_1_183' title='bbox 716 3345 848 3414; x_wconf 85' lang='lat' dir='ltr'>autem,</span> <span class='ocrx_word' id='word_1_184' title='bbox 864 3337 967 3402; x_wconf 85' lang='lat' dir='ltr'>etiam</span> <span class='ocrx_word' id='word_1_185' title='bbox 979 3339 1076 3404; x_wconf 91' lang='lat' dir='ltr'>nullo</span> <span class='ocrx_word' id='word_1_186' title='bbox 1092 3359 1145 3405; x_wconf 85' lang='lat' dir='ltr'>se-</span> 
     </span>
     <span class='ocr_line' id='line_1_30' title="bbox 195 3436 1144 3519; baseline 0.004 -19"><span class='ocrx_word' id='word_1_187' title='bbox 195 3445 334 3518; x_wconf 89' lang='lat' dir='ltr'>quente,</span> <span class='ocrx_word' id='word_1_188' title='bbox 352 3438 557 3519; x_wconf 86' lang='lat' dir='ltr'>procedam:</span> <span class='ocrx_word' id='word_1_189' title='bbox 583 3437 674 3500; x_wconf 86' lang='lat' dir='ltr'>absit</span> <span class='ocrx_word' id='word_1_190' title='bbox 699 3436 791 3518; x_wconf 85' lang='lat' dir='ltr'>quod</span> <span class='ocrx_word' id='word_1_191' title='bbox 816 3444 1018 3519; x_wconf 86' lang='lat' dir='ltr'>perpetuam</span> <span class='ocrx_word' id='word_1_192' title='bbox 1044 3441 1144 3504; x_wconf 84' lang='lat' dir='ltr'>nobis</span> 
     </span>
     <span class='ocr_line' id='line_1_31' title="bbox 194 3535 1143 3622; baseline 0.001 -21"><span class='ocrx_word' id='word_1_193' title='bbox 194 3537 365 3602; x_wconf 71' lang='lat' dir='ltr'>mabillam</span> <span class='ocrx_word' id='word_1_194' title='bbox 382 3537 573 3602; x_wconf 87' lang='lat' dir='ltr'>recedendo</span> <span class='ocrx_word' id='word_1_195' title='bbox 587 3535 810 3602; x_wconf 80' lang='lat' dir='ltr'>inferamus.’&#39;</span> <span class='ocrx_word' id='word_1_196' title='bbox 863 3535 952 3600; x_wconf 88' lang='lat' dir='ltr'>Gnm</span> <span class='ocrx_word' id='word_1_197' title='bbox 967 3557 1049 3619; x_wconf 81' lang='lat' dir='ltr'>ergo</span> <span class='ocrx_word' id='word_1_198' title='bbox 1064 3559 1143 3622; x_wconf 88' lang='lat' dir='ltr'>pro-</span> 
     </span>
     <span class='ocr_line' id='line_1_32' title="bbox 194 3633 1145 3718; baseline 0.005 -19"><span class='ocrx_word' id='word_1_199' title='bbox 194 3635 365 3713; x_wconf 87' lang='lat' dir='ltr'>cederent,</span> <span class='ocrx_word' id='word_1_200' title='bbox 376 3637 559 3702; x_wconf 84' lang='lat' dir='ltr'>castellum</span> <span class='ocrx_word' id='word_1_201' title='bbox 583 3636 625 3700; x_wconf 92' lang='lat' dir='ltr'>de</span> <span class='ocrx_word' id='word_1_202' title='bbox 653 3633 838 3718; x_wconf 83' lang='lat' dir='ltr'>Alnewyk,</span> <span class='ocrx_word' id='word_1_203' title='bbox 863 3637 978 3701; x_wconf 87' lang='lat' dir='ltr'>subito</span> <span class='ocrx_word' id='word_1_204' title='bbox 1002 3657 1145 3704; x_wconf 82' lang='lat' dir='ltr'>evanes-</span> 
     </span>
     <span class='ocr_line' id='line_1_33' title="bbox 193 3734 1143 3818; baseline 0.004 -20"><span class='ocrx_word' id='word_1_205' title='bbox 193 3742 293 3801; x_wconf 87' lang='lat' dir='ltr'>cente</span> <span class='ocrx_word' id='word_1_206' title='bbox 315 3737 455 3815; x_wconf 82' lang='lat' dir='ltr'>nebula,</span> <span class='ocrx_word' id='word_1_207' title='bbox 470 3755 542 3818; x_wconf 83' lang='lat' dir='ltr'>prae</span> <span class='ocrx_word' id='word_1_208' title='bbox 565 3734 674 3800; x_wconf 85' lang='lat' dir='ltr'>oculis</span> <span class='ocrx_word' id='word_1_209' title='bbox 697 3735 876 3812; x_wconf 83' lang='lat' dir='ltr'>babentes,</span> <span class='ocrx_word' id='word_1_210' title='bbox 891 3737 927 3800; x_wconf 92' lang='lat' dir='ltr'>id</span> <span class='ocrx_word' id='word_1_211' title='bbox 949 3737 1015 3802; x_wconf 88' lang='lat' dir='ltr'>sibi</span> <span class='ocrx_word' id='word_1_212' title='bbox 1029 3745 1143 3804; x_wconf 89' lang='lat' dir='ltr'>tntum</span> 
     </span>
     <span class='ocr_line' id='line_1_34' title="bbox 191 3835 1143 3916; baseline 0.004 -20"><span class='ocrx_word' id='word_1_213' title='bbox 191 3835 445 3916; x_wconf 77' lang='lat' dir='ltr'>receptaculum</span> <span class='ocrx_word' id='word_1_214' title='bbox 467 3836 498 3904; x_wconf 80' lang='lat' dir='ltr'>ei</span> <span class='ocrx_word' id='word_1_215' title='bbox 520 3835 638 3900; x_wconf 85' lang='lat' dir='ltr'>hostes</span> <span class='ocrx_word' id='word_1_216' title='bbox 654 3843 817 3916; x_wconf 84' lang='lat' dir='ltr'>urgerent</span> <span class='ocrx_word' id='word_1_217' title='bbox 833 3835 906 3900; x_wconf 83' lang='lat' dir='ltr'>laeti</span> <span class='ocrx_word' id='word_1_218' title='bbox 920 3845 1143 3902; x_wconf 85' lang='lat' dir='ltr'>censuerunt.</span> 
     </span>
     <span class='ocr_line' id='line_1_35' title="bbox 192 3933 1145 4015; baseline 0.002 -19"><span class='ocrx_word' id='word_1_219' title='bbox 192 3933 239 3997; x_wconf 87' lang='lat' dir='ltr'>Et</span> <span class='ocrx_word' id='word_1_220' title='bbox 254 3954 332 3998; x_wconf 87' lang='lat' dir='ltr'>ecce</span> <span class='ocrx_word' id='word_1_221' title='bbox 348 3953 411 4000; x_wconf 83' lang='lat' dir='ltr'>rex</span> <span class='ocrx_word' id='word_1_222' title='bbox 428 3935 609 4000; x_wconf 85' lang='lat' dir='ltr'>Scotorum</span> <span class='ocrx_word' id='word_1_223' title='bbox 624 3953 703 4000; x_wconf 88' lang='lat' dir='ltr'>cum</span> <span class='ocrx_word' id='word_1_224' title='bbox 719 3935 823 3999; x_wconf 87' lang='lat' dir='ltr'>turba</span> <span class='ocrx_word' id='word_1_225' title='bbox 836 3935 992 4015; x_wconf 86' lang='lat' dir='ltr'>equitnm</span> <span class='ocrx_word' id='word_1_226' title='bbox 1006 3937 1145 4000; x_wconf 85' lang='lat' dir='ltr'>circiter</span> 
     </span>
    </p>
   </div>
   <div class='ocr_carea' id='block_1_3' title="bbox 191 4187 1146 4320">
    <p class='ocr_par' dir='ltr' id='par_1_3' title="bbox 191 4187 1146 4320">
     <span class='ocr_line' id='line_1_36' title="bbox 191 4187 1146 4251; baseline 0.004 -14"><span class='ocrx_word' id='word_1_227' title='bbox 191 4213 192 4220; x_wconf 22' lang='grc' dir='ltr'><strong>κ</strong></span> <span class='ocrx_word' id='word_1_228' title='bbox 228 4187 454 4250; x_wconf 78' lang='lat' dir='ltr'>¹Suppliedfrom</span> <span class='ocrx_word' id='word_1_229' title='bbox 466 4189 523 4238; x_wconf 87' lang='lat' dir='ltr'>MS.</span> <span class='ocrx_word' id='word_1_230' title='bbox 536 4188 630 4238; x_wconf 81' lang='lat' dir='ltr'>Lansd.</span> <span class='ocrx_word' id='word_1_231' title='bbox 682 4189 814 4238; x_wconf 78' lang='lat' dir='ltr'>‘Tandem</span> <span class='ocrx_word' id='word_1_232' title='bbox 832 4188 987 4251; x_wconf 85' lang='lat' dir='ltr'>prudentes‚&#39;</span> <span class='ocrx_word' id='word_1_233' title='bbox 1010 4189 1067 4242; x_wconf 88' lang='lat' dir='ltr'>MS.</span> <span class='ocrx_word' id='word_1_234' title='bbox 1079 4191 1146 4242; x_wconf 81' lang='lat' dir='ltr'>Gott.</span> 
     </span>
     <span class='ocr_line' id='line_1_37' title="bbox 226 4257 740 4320; baseline 0 -13"><span class='ocrx_word' id='word_1_235' title='bbox 226 4257 382 4316; x_wconf 79' lang='lat' dir='ltr'>²‘Tnmen‚’</span> <span class='ocrx_word' id='word_1_236' title='bbox 405 4260 463 4308; x_wconf 84' lang='lat' dir='ltr'>MS.</span> <span class='ocrx_word' id='word_1_237' title='bbox 484 4260 548 4308; x_wconf 86' lang='lat' dir='ltr'>Coll.</span> <span class='ocrx_word' id='word_1_238' title='bbox 572 4259 658 4320; x_wconf 79' lang='lat' dir='ltr'>Arm.;</span> <span class='ocrx_word' id='word_1_239' title='bbox 683 4259 740 4307; x_wconf 82' lang='lat' dir='ltr'>Tib.</span> 
     </span>
    </p>
   </div>
   <div class='ocr_carea' id='block_1_4' title="bbox 0 0 1564 4990">
    <p class='ocr_par' dir='ltr' id='par_1_4' title="bbox 0 0 1564 4990">
     <span class='ocr_line' id='line_1_38' title="bbox 0 0 1564 4990; baseline 0 0"><span class='ocrx_word' id='word_1_240' title='bbox 0 0 1564 4990; x_wconf 95' lang='lat' dir='ltr'> </span> 
     </span>
    </p>
   </div>
  </div>
 </body>
</html>
