3132 4996
420 472 464 537 58
797 487 1006 534 cuuourcou

279 659 379 712 sapien.
418 661 487 724 quo
503 643 583 727 jure
602 643 726 707 uxorio
746 663 889 724 regnum
911 643 1113 706 vendicabat
1130 639 1371 724 Anglicanum.

255 713 403 776 Q
418 742 553 819 Quibus
577 744 746 807 concessis
764 750 799 806 et
819 743 925 818 initis,
941 763 1004 806 rex
1025 749 1104 805 ante
1128 742 1258 832 Natale
1273 742 1371 823 Ang-

254 860 287 898 ue
296 863 380 899 returns
417 841 498 905 liam
517 843 629 920 rediit,
645 849 680 906 et
696 863 757 924 per
772 849 884 933 totum
904 841 938 904 N
941 841 1032 905 atale
1049 842 1214 924 incipiens
1232 845 1275 906 ab
1296 843 1373 924 ipsa

253 909 389 1008 iiiiiiffnd'
417 942 536 1022 vigilia
552 942 690 1007 Natalis
706 943 847 1006 Domini
862 940 1102 1006 Bedefordiam
1117 940 1262 1018 obsedit,
1278 949 1313 1006 et
1330 942 1372 1004 de

253 1020 397 1099 lliiliilu„
414 1048 513 1106 tanta
535 1042 750 1106 solemnitate
779 1061 848 1104 non
874 1060 1011 1117 curans,
1034 1039 1161 1104 ‘imo’1
1189 1043 1370 1124 parvipen-

254 1113 336 1148 Μ
416 1140 513 1219 dens,
526 1143 570 1204 ab
593 1141 768 1206 obsidione
779 1160 848 1204 non
858 1143 1016 1204 cessabat
1031 1160 1210 1222 quousque
1221 1149 1371 1204 castrum

418 1241 637 1321 redderetur3
660 1242 919 1304 insurrexerant
934 1240 1023 1304 enim
1045 1247 1165 1304 contra
1180 1260 1258 1303 eum
1273 1241 1372 1305 multi

417 1348 598 1420 magnates
614 1347 727 1404 terrae.
991 1413 993 1418 λ

441 1489 529 1552 Scoti
543 1473 658 1553 devicti
678 1497 749 1552 eruut
767 1487 857 1572 apud
870 1487 1024 1564 Allartoa,
1044 1488 1159 1553 scilicet
1175 1486 1349 1552 Stoodurd.

254 1660 279 1698 u.
290 1659 316 1698 n.
329 1659 385 1697 ua.
463 1637 594 1700 Eodem
605 1657 708 1715 anno,
723 1637 841 1701 statim
852 1644 930 1718 post
942 1637 1188 1700 dedicationem
1203 1637 1274 1700 ‘vel
1289 1638 1371 1701 aedi·

418 1734 641 1800 ficationem'⁹
655 1738 759 1800 castri
782 1735 1008 1813 Bedefordiae,
1031 1757 1095 1800 rex
1118 1731 1314 1818 Stephanus
1336 1738 1372 1800 in

418 1835 570 1902 Scotiam
597 1836 878 1912 innumerabilem
902 1837 1091 1900 exercitum
1114 1837 1214 1917 quasi
1233 1853 1369 1917 promo·

256 1957 392 2016 mugnano
418 1937 479 2000 vit.
532 1937 646 2000 David
675 1955 823 2019 namque
854 1955 917 1999 rex
947 1936 1139 2013 Scotorum,
1168 1936 1228 2017 qui
1254 1956 1370 2000 sacra-

254 2009 571 2100 didius-mentum
602 2037 731 2101 fecerat
758 2035 968 2118 imperatrici
996 2036 1074 2098 tiliae
1102 2036 1193 2118 regis
1225 2035 1370 2100 Henrici

255 2109 314 2150 Μ’
418 2136 461 2199 de
493 2137 726 2202 conservando
759 2136 824 2199 sibi
852 2155 958 2216 reguo
990 2133 1140 2217 Angliae,
1175 2136 1275 2217 quasi
1306 2138 1370 2200 sub

417 2235 611 2300 velamento
642 2236 836 2300 sanctitatis
868 2235 1022 2319 ejusdem
1052 2255 1130 2299 cum
1162 2236 1370 2300 exercitibus

418 2335 490 2398 suis
520 2334 804 2399 Northumbriam
833 2336 1007 2415 ingressus
1037 2341 1101 2411 est,
1132 2335 1371 2399 execrabiliter

419 2453 526 2516 agens
545 2435 580 2495 in
600 2435 757 2498 omnibus
779 2435 844 2497 viis
866 2435 957 2513 suis3
981 2455 1049 2498 non
1072 2435 1161 2497 enim
1182 2437 1370 2516 parcebant

419 2534 474 2596 sui
497 2534 596 2596 sexui
612 2533 668 2597 vel
691 2533 797 2609 aetati,
820 2534 1008 2615 quinetiam
1028 2533 1186 2597 mulieres
1207 2535 1368 2616 gravidas

419 2632 612 2710 funderent,
638 2640 673 2697 et
697 2651 824 2714 pueros
855 2653 959 2715 super
986 2635 1144 2698 acumina
1172 2634 1369 2699 lancearum

415 2731 608 2815 jactarent3
639 2733 867 2796 sacrosanctis
892 2734 995 2796 etiam
1021 2733 1173 2797 ecclesiis
1199 2754 1266 2799 uon
1293 2755 1371 2818 par-

327 2851 329 2855 ’
419 2840 548 2909 centes,
577 2835 794 2915 presbyteros
825 2852 928 2915 snper
958 2833 1082 2897 altaria
1111 2834 1370 2913 detruncabant,

419 2932 659 2995 crucifixorum
683 2932 800 3014 capita
817 2934 970 2997 abscissa
986 2952 1089 3016 super
1104 2954 1247 3017 corpora
1262 2955 1368 3009 caeso,-

418 3051 495 3094 rum
519 3034 702 3114 ponebant,
718 3039 752 3096 et
773 3039 985 3099 mortuorum
1009 3035 1124 3115 capita
1146 3034 1370 3098 ‘mutantes'3

418 3150 522 3213 super
555 3131 721 3195 crucifixa
749 3134 970 3215 reponebant.
1035 3133 1258 3216 Quaecunque
1287 3154 1370 3200 vero

419 3232 634 3313 attingebant
663 3231 756 3295 Scoti
781 3233 885 3314 plena
913 3232 1063 3296 horroris
1090 3233 1226 3298 fuerant
1250 3241 1284 3298 et
1306 3235 1368 3297 im-

419 3332 617 3412 manitatis;
649 3332 769 3395 aderat
796 3333 884 3396 enim
917 3332 1046 3396 clamor
1073 3333 1265 3410 mulierum,
1296 3334 1368 3417 eju·

418 3430 511 3495 latus
537 3451 669 3509 senum,
695 3432 911 3496 morientium
936 3433 1096 3514 gemitus,
1122 3441 1156 3497 et
1179 3434 1369 3499 viventium

419 3531 624 3613 desperatio.
677 3531 745 3594 Sed
774 3531 892 3610 audito
917 3533 1067 3596 adventu
1090 3534 1181 3614 regis
1205 3534 1369 3615 Stephani

419 3636 639 3692 retraxerunt
662 3649 711 3706 se,
733 3650 774 3693 eo
797 3631 888 3712 quod
914 3652 983 3695 non
1008 3640 1090 3696 sunt
1112 3634 1189 3696 ausi
1211 3635 1369 3698 resistere

256 3755 349 3852 parm
420 3728 555 3809 spiritui
576 3728 701 3791 furoris
715 3729 802 3812 ejus,
854 3729 1053 3796 Adveniens
1073 3733 1190 3814 itaque
1208 3753 1271 3796 rex
1293 3734 1369 3798 Ste-

258 3855 363 3894 scotland,
420 3827 554 3908 phanus
584 3828 771 3892 combussit
793 3848 869 3892 cum
898 3832 1029 3913 impetu
1055 3832 1224 3896 australes
1254 3842 1369 3914 partes

420 3929 540 4010 ‘regis
566 3947 635 3991 non
663 3928 811 3992 audente
841 3931 955 3994 David
983 3952 1060 3995 oum
1093 3952 1133 3996 eo
1170 3933 1371 4014 congredi!4

456 4099 461 4129 ¹
481 4102 573 4151 ‘immo
585 4104 677 4164 quasi,'
687 4104 743 4154 MS.
751 4105 845 4156 Lansd.
940 4105 949 4134 ⁴
967 4107 1050 4169 ‘regis
1075 4107 1161 4156 David
1182 4109 1237 4169 ipso
1257 4124 1306 4157 non
1324 4125 1369 4158 au-

455 4170 464 4199 ²
482 4172 594 4220 Omitted
606 4175 632 4221 in
644 4174 700 4224 MS.
711 4175 826 4240 Lansd„
905 4176 979 4224 dente
1000 4193 1057 4226 oum
1084 4178 1128 4226 illo
1150 4179 1287 4242 congredi,'
1311 4175 1368 4229 MS.

456 4242 465 4271 ³
482 4242 595 4292 Omitted
606 4244 633 4291 in
644 4244 700 4294 MS.
714 4243 779 4295 Coll.
790 4245 861 4300 Arm.
906 4246 1000 4296 Lansd.
