<?xml version="1.0" encoding="UTF-8"?>
<!DOCTYPE html PUBLIC "-//W3C//DTD XHTML 1.0 Transitional//EN"
    "http://www.w3.org/TR/xhtml1/DTD/xhtml1-transitional.dtd">
<html xmlns="http://www.w3.org/1999/xhtml" xml:lang="en" lang="en">
 <head>
  <title>
</title>
<meta http-equiv="Content-Type" content="text/html;charset=utf-8" />
  <meta name='ocr-system' content='tesseract 3.04.00' />
  <meta name='ocr-capabilities' content='ocr_page ocr_carea ocr_par ocr_line ocrx_word'/>
</head>
<body>
  <div class='ocr_page' id='page_1' title='image "./chronicondomini01hamigoog_0167.png"; bbox 0 0 3116 4990; ppageno 0'>
   <div class='ocr_carea' id='block_1_1' title="bbox 393 471 1139 567">
    <p class='ocr_par' dir='ltr' id='par_1_1' title="bbox 393 471 1139 567">
     <span class='ocr_line' id='line_1_1' title="bbox 393 471 1139 567; baseline -0.001 -32"><span class='ocrx_word' id='word_1_1' title='bbox 393 488 563 567; x_wconf 65' lang='lat' dir='ltr'>wnn&#39;rnar</span> <span class='ocrx_word' id='word_1_2' title='bbox 588 488 635 534; x_wconf 83' lang='lat' dir='ltr'>nu</span> <span class='ocrx_word' id='word_1_3' title='bbox 658 487 943 535; x_wconf 80' lang='lat' dir='ltr'>nnuruoouaon.</span> <span class='ocrx_word' id='word_1_4' title='bbox 1071 471 1139 534; x_wconf 77' lang='grc'>145</span> 
     </span>
    </p>
   </div>
   <div class='ocr_carea' id='block_1_2' title="bbox 189 641 1284 755">
    <p class='ocr_par' dir='ltr' id='par_1_2' title="bbox 189 641 1284 755">
     <span class='ocr_line' id='line_1_2' title="bbox 189 641 1284 755; baseline -0.005 -51"><span class='ocrx_word' id='word_1_5' title='bbox 189 642 256 706; x_wconf 90' lang='lat' dir='ltr'>dici</span> <span class='ocrx_word' id='word_1_6' title='bbox 270 661 339 705; x_wconf 93' lang='lat' dir='ltr'>non</span> <span class='ocrx_word' id='word_1_7' title='bbox 354 642 456 706; x_wconf 87' lang='lat' dir='ltr'>debet</span> <span class='ocrx_word' id='word_1_8' title='bbox 471 643 571 706; x_wconf 89' lang='lat' dir='ltr'>“Cur</span> <span class='ocrx_word' id='word_1_9' title='bbox 581 641 779 719; x_wconf 76' lang='lat' dir='ltr'>&#39;itafaciS,&#39;’¹</span> <span class='ocrx_word' id='word_1_10' title='bbox 789 643 890 727; x_wconf 90' lang='lat' dir='ltr'>jubet</span> <span class='ocrx_word' id='word_1_11' title='bbox 903 651 1044 726; x_wconf 80' lang='lat' dir='ltr'>nos&#39;pro</span> <span class='ocrx_word' id='word_1_12' title='bbox 1057 641 1134 724; x_wconf 81' lang='lat' dir='ltr'>lege</span> <span class='ocrx_word' id='word_1_13' title='bbox 1158 661 1284 755; x_wconf 40' lang='lat' dir='ltr'>prgis&amp;</span> 
     </span>
    </p>
   </div>
   <div class='ocr_carea' id='block_1_3' title="bbox 171 742 1295 3886">
    <p class='ocr_par' dir='ltr' id='par_1_3' title="bbox 171 742 1295 3886">
     <span class='ocr_line' id='line_1_3' title="bbox 185 742 1295 836; baseline 0.004 -33"><span class='ocrx_word' id='word_1_14' title='bbox 185 760 248 805; x_wconf 93' lang='lat' dir='ltr'>sua</span> <span class='ocrx_word' id='word_1_15' title='bbox 273 742 361 804; x_wconf 88' lang='lat' dir='ltr'>mori</span> <span class='ocrx_word' id='word_1_16' title='bbox 386 742 500 818; x_wconf 91' lang='lat' dir='ltr'>modo,</span> <span class='ocrx_word' id='word_1_17' title='bbox 525 750 560 806; x_wconf 94' lang='lat' dir='ltr'>et</span> <span class='ocrx_word' id='word_1_18' title='bbox 588 761 668 806; x_wconf 86' lang='lat' dir='ltr'>ecce</span> <span class='ocrx_word' id='word_1_19' title='bbox 697 761 789 806; x_wconf 91' lang='lat' dir='ltr'>mors</span> <span class='ocrx_word' id='word_1_20' title='bbox 814 751 934 806; x_wconf 90' lang='lat' dir='ltr'>nostra</span> <span class='ocrx_word' id='word_1_21' title='bbox 958 743 994 805; x_wconf 92' lang='lat' dir='ltr'>in</span> <span class='ocrx_word' id='word_1_22' title='bbox 1016 743 1133 826; x_wconf 87' lang='lat' dir='ltr'>janurs</span> <span class='ocrx_word' id='word_1_23' title='bbox 1146 767 1295 836; x_wconf 57' lang='lat' dir='ltr'><em>M</em></span> 
     </span>
     <span class='ocr_line' id='line_1_4' title="bbox 186 838 1255 924; baseline 0.005 -22"><span class='ocrx_word' id='word_1_24' title='bbox 186 847 225 903; x_wconf 92' lang='lat' dir='ltr'>ut</span> <span class='ocrx_word' id='word_1_25' title='bbox 254 840 389 916; x_wconf 88' lang='lat' dir='ltr'>videtis,</span> <span class='ocrx_word' id='word_1_26' title='bbox 422 847 480 904; x_wconf 92' lang='lat' dir='ltr'>‘et</span> <span class='ocrx_word' id='word_1_27' title='bbox 509 838 624 904; x_wconf 76' lang='lat' dir='ltr'>cum&#39;²</span> <span class='ocrx_word' id='word_1_28' title='bbox 655 848 800 904; x_wconf 89' lang='lat' dir='ltr'>mortem</span> <span class='ocrx_word' id='word_1_29' title='bbox 834 842 1021 924; x_wconf 82' lang='lat' dir='ltr'>gloriosam</span> <span class='ocrx_word' id='word_1_30' title='bbox 1053 842 1134 906; x_wconf 82' lang='lat' dir='ltr'>vitae</span> <span class='ocrx_word' id='word_1_31' title='bbox 1147 847 1255 886; x_wconf 56' lang='grc' dir='ltr'>ΜΝ·</span> 
     </span>
     <span class='ocr_line' id='line_1_5' title="bbox 185 939 1137 1022; baseline 0.003 -21"><span class='ocrx_word' id='word_1_32' title='bbox 185 939 391 1020; x_wconf 86' lang='lat' dir='ltr'>turpissimae</span> <span class='ocrx_word' id='word_1_33' title='bbox 415 960 617 1022; x_wconf 86' lang='lat' dir='ltr'>praeponere</span> <span class='ocrx_word' id='word_1_34' title='bbox 640 940 838 1017; x_wconf 89' lang='lat' dir='ltr'>debeamus,</span> <span class='ocrx_word' id='word_1_35' title='bbox 856 940 1137 1004; x_wconf 88' lang='lat' dir='ltr'>honestissimum</span> 
     </span>
     <span class='ocr_line' id='line_1_6' title="bbox 184 1036 1137 1120; baseline 0.004 -21"><span class='ocrx_word' id='word_1_36' title='bbox 184 1036 286 1119; x_wconf 89' lang='lat' dir='ltr'>plano</span> <span class='ocrx_word' id='word_1_37' title='bbox 309 1046 414 1120; x_wconf 90' lang='lat' dir='ltr'>atque</span> <span class='ocrx_word' id='word_1_38' title='bbox 441 1038 640 1102; x_wconf 84' lang='lat' dir='ltr'>facillimum</span> <span class='ocrx_word' id='word_1_39' title='bbox 662 1059 771 1119; x_wconf 84' lang='lat' dir='ltr'>genus</span> <span class='ocrx_word' id='word_1_40' title='bbox 798 1040 926 1103; x_wconf 85' lang='lat' dir='ltr'>mortis</span> <span class='ocrx_word' id='word_1_41' title='bbox 942 1040 1137 1120; x_wconf 83' lang='lat' dir='ltr'>eligendum</span> 
     </span>
     <span class='ocr_line' id='line_1_7' title="bbox 185 1137 1138 1219; baseline 0.003 -21"><span class='ocrx_word' id='word_1_42' title='bbox 185 1144 260 1200; x_wconf 87' lang='lat' dir='ltr'>est:</span> <span class='ocrx_word' id='word_1_43' title='bbox 291 1137 425 1201; x_wconf 90' lang='lat' dir='ltr'>namsi</span> <span class='ocrx_word' id='word_1_44' title='bbox 453 1137 670 1200; x_wconf 84' lang='lat' dir='ltr'>inciderimus</span> <span class='ocrx_word' id='word_1_45' title='bbox 694 1137 731 1200; x_wconf 93' lang='lat' dir='ltr'>in</span> <span class='ocrx_word' id='word_1_46' title='bbox 756 1157 881 1202; x_wconf 89' lang='lat' dir='ltr'>manus</span> <span class='ocrx_word' id='word_1_47' title='bbox 906 1137 1049 1202; x_wconf 80' lang='lat' dir='ltr'>hostiles</span> <span class='ocrx_word' id='word_1_48' title='bbox 1073 1157 1138 1219; x_wconf 91' lang='lat' dir='ltr'>pro</span> 
     </span>
     <span class='ocr_line' id='line_1_8' title="bbox 184 1235 1136 1317; baseline 0.002 -20"><span class='ocrx_word' id='word_1_49' title='bbox 184 1254 304 1298; x_wconf 88' lang='lat' dir='ltr'>eorum</span> <span class='ocrx_word' id='word_1_50' title='bbox 337 1236 478 1300; x_wconf 89' lang='lat' dir='ltr'>arbitrio</span> <span class='ocrx_word' id='word_1_51' title='bbox 508 1255 586 1299; x_wconf 92' lang='lat' dir='ltr'>oum</span> <span class='ocrx_word' id='word_1_52' title='bbox 610 1235 757 1301; x_wconf 91' lang='lat' dir='ltr'>ludibrio</span> <span class='ocrx_word' id='word_1_53' title='bbox 786 1237 989 1310; x_wconf 87' lang='lat' dir='ltr'>moriemur;</span> <span class='ocrx_word' id='word_1_54' title='bbox 1017 1238 1136 1317; x_wconf 86' lang='lat' dir='ltr'>itaque</span> 
     </span>
     <span class='ocr_line' id='line_1_9' title="bbox 184 1334 1132 1416; baseline 0 -20"><span class='ocrx_word' id='word_1_55' title='bbox 184 1334 295 1398; x_wconf 86' lang='lat' dir='ltr'>vitam</span> <span class='ocrx_word' id='word_1_56' title='bbox 308 1334 519 1416; x_wconf 76' lang='lat' dir='ltr'>quam‘nobis</span> <span class='ocrx_word' id='word_1_57' title='bbox 528 1335 788 1411; x_wconf 79' lang='lat' dir='ltr'>Creator&#39;dedit,</span> <span class='ocrx_word' id='word_1_58' title='bbox 803 1355 880 1398; x_wconf 93' lang='lat' dir='ltr'>cum</span> <span class='ocrx_word' id='word_1_59' title='bbox 892 1353 968 1398; x_wconf 84' lang='lat' dir='ltr'>eam</span> <span class='ocrx_word' id='word_1_60' title='bbox 977 1336 1052 1416; x_wconf 88' lang='lat' dir='ltr'>ipse</span> <span class='ocrx_word' id='word_1_61' title='bbox 1058 1334 1132 1416; x_wconf 86' lang='lat' dir='ltr'>jam</span> 
     </span>
     <span class='ocr_line' id='line_1_10' title="bbox 184 1432 1133 1515; baseline 0.002 -21"><span class='ocrx_word' id='word_1_62' title='bbox 184 1440 331 1514; x_wconf 83' lang='lat' dir='ltr'><strong>repetat,</strong></span> <span class='ocrx_word' id='word_1_63' title='bbox 359 1432 505 1515; x_wconf 90' lang='lat' dir='ltr'>propriis</span> <span class='ocrx_word' id='word_1_64' title='bbox 532 1432 589 1501; x_wconf 76' lang='lat' dir='ltr'>illi,</span> <span class='ocrx_word' id='word_1_65' title='bbox 614 1433 772 1496; x_wconf 91' lang='lat' dir='ltr'>manibus</span> <span class='ocrx_word' id='word_1_66' title='bbox 801 1439 925 1514; x_wconf 88' lang='lat' dir='ltr'>sponte</span> <span class='ocrx_word' id='word_1_67' title='bbox 948 1440 984 1496; x_wconf 89' lang='lat' dir='ltr'>et</span> <span class='ocrx_word' id='word_1_68' title='bbox 1009 1433 1133 1496; x_wconf 87' lang='lat' dir='ltr'>devote</span> 
     </span>
     <span class='ocr_line' id='line_1_11' title="bbox 185 1530 1132 1613; baseline 0 -19"><span class='ocrx_word' id='word_1_69' title='bbox 185 1531 376 1607; x_wconf 79' lang='lat' dir='ltr'>reddamus,</span> <span class='ocrx_word' id='word_1_70' title='bbox 403 1550 466 1595; x_wconf 89' lang='lat' dir='ltr'>nec</span> <span class='ocrx_word' id='word_1_71' title='bbox 496 1531 540 1593; x_wconf 90' lang='lat' dir='ltr'>ad</span> <span class='ocrx_word' id='word_1_72' title='bbox 569 1531 778 1594; x_wconf 87' lang='lat' dir='ltr'>reddendum</span> <span class='ocrx_word' id='word_1_73' title='bbox 808 1531 899 1613; x_wconf 93' lang='lat' dir='ltr'>quod</span> <span class='ocrx_word' id='word_1_74' title='bbox 924 1530 1049 1612; x_wconf 90' lang='lat' dir='ltr'>repetit</span> <span class='ocrx_word' id='word_1_75' title='bbox 1070 1531 1132 1594; x_wconf 89' lang='lat' dir='ltr'>rni-</span> 
     </span>
     <span class='ocr_line' id='line_1_12' title="bbox 185 1628 1131 1711; baseline -0.001 -18"><span class='ocrx_word' id='word_1_76' title='bbox 185 1630 360 1695; x_wconf 87' lang='lat' dir='ltr'>nisterium</span> <span class='ocrx_word' id='word_1_77' title='bbox 385 1628 599 1694; x_wconf 83' lang='lat' dir='ltr'>crudelitatis</span> <span class='ocrx_word' id='word_1_78' title='bbox 627 1637 850 1711; x_wconf 85' lang='lat' dir='ltr'>expectemus</span> <span class='ocrx_word' id='word_1_79' title='bbox 876 1629 1033 1693; x_wconf 87' lang='lat' dir='ltr'>hostilis:</span> <span class='ocrx_word' id='word_1_80' title='bbox 1067 1629 1131 1693; x_wconf 89' lang='lat' dir='ltr'>boc</span> 
     </span>
     <span class='ocr_line' id='line_1_13' title="bbox 185 1727 1132 1794; baseline 0.001 -4"><span class='ocrx_word' id='word_1_81' title='bbox 185 1730 274 1794; x_wconf 90' lang='lat' dir='ltr'>enim</span> <span class='ocrx_word' id='word_1_82' title='bbox 289 1737 324 1793; x_wconf 90' lang='lat' dir='ltr'>et</span> <span class='ocrx_word' id='word_1_83' title='bbox 339 1729 440 1792; x_wconf 92' lang='lat' dir='ltr'>multi</span> <span class='ocrx_word' id='word_1_84' title='bbox 461 1734 656 1792; x_wconf 88' lang='lat' dir='ltr'>nostrorum</span> <span class='ocrx_word' id='word_1_85' title='bbox 679 1729 715 1791; x_wconf 90' lang='lat' dir='ltr'>in</span> <span class='ocrx_word' id='word_1_86' title='bbox 738 1728 882 1792; x_wconf 87' lang='lat' dir='ltr'>diversis</span> <span class='ocrx_word' id='word_1_87' title='bbox 902 1727 1132 1792; x_wconf 90' lang='lat' dir='ltr'>tribulationi-</span> 
     </span>
     <span class='ocr_line' id='line_1_14' title="bbox 184 1826 1132 1903; baseline 0 -14"><span class='ocrx_word' id='word_1_88' title='bbox 184 1828 249 1892; x_wconf 91' lang='lat' dir='ltr'>bus</span> <span class='ocrx_word' id='word_1_89' title='bbox 271 1828 490 1892; x_wconf 84' lang='lat' dir='ltr'>laudabiliter</span> <span class='ocrx_word' id='word_1_90' title='bbox 516 1826 703 1903; x_wconf 70' lang='lat' dir='ltr'>‘fecerrmt</span> <span class='ocrx_word' id='word_1_91' title='bbox 726 1826 819 1891; x_wconf 82' lang='lat' dir='ltr'>vel’³</span> <span class='ocrx_word' id='word_1_92' title='bbox 842 1827 964 1892; x_wconf 85' lang='lat' dir='ltr'>secisse</span> <span class='ocrx_word' id='word_1_93' title='bbox 986 1846 1132 1890; x_wconf 89' lang='lat' dir='ltr'>noscun-</span> 
     </span>
     <span class='ocr_line' id='line_1_15' title="bbox 185 1925 1131 2007; baseline 0.001 -18"><span class='ocrx_word' id='word_1_94' title='bbox 185 1933 253 2002; x_wconf 89' lang='lat' dir='ltr'>tur,</span> <span class='ocrx_word' id='word_1_95' title='bbox 278 1927 420 1990; x_wconf 82' lang='lat' dir='ltr'>formam</span> <span class='ocrx_word' id='word_1_96' title='bbox 445 1926 544 1991; x_wconf 89' lang='lat' dir='ltr'>nobis</span> <span class='ocrx_word' id='word_1_97' title='bbox 567 1926 816 1990; x_wconf 66' lang='lat' dir='ltr'>decentissima]</span> <span class='ocrx_word' id='word_1_98' title='bbox 841 1925 1018 1991; x_wconf 86' lang='lat' dir='ltr'>electionis</span> <span class='ocrx_word' id='word_1_99' title='bbox 1043 1945 1131 2007; x_wconf 83' lang='lat' dir='ltr'>prae·</span> 
     </span>
     <span class='ocr_line' id='line_1_16' title="bbox 184 2024 1133 2112; baseline -0.002 -24"><span class='ocrx_word' id='word_1_100' title='bbox 184 2025 388 2112; x_wconf 87' lang='lat' dir='ltr'>struentes.’&#39;</span> <span class='ocrx_word' id='word_1_101' title='bbox 440 2025 530 2090; x_wconf 85' lang='lat' dir='ltr'>Haec</span> <span class='ocrx_word' id='word_1_102' title='bbox 541 2042 619 2088; x_wconf 91' lang='lat' dir='ltr'>cum</span> <span class='ocrx_word' id='word_1_103' title='bbox 634 2024 781 2089; x_wconf 79' lang='lat' dir='ltr'>dixisset</span> <span class='ocrx_word' id='word_1_104' title='bbox 795 2025 936 2090; x_wconf 81' lang='lat' dir='ltr'>exitiale</span> <span class='ocrx_word' id='word_1_105' title='bbox 952 2024 1133 2089; x_wconf 88' lang='lat' dir='ltr'>consilium</span> 
     </span>
     <span class='ocr_line' id='line_1_17' title="bbox 185 2121 1133 2206; baseline 0 -20"><span class='ocrx_word' id='word_1_106' title='bbox 185 2124 338 2206; x_wconf 83' lang='lat' dir='ltr'>amplexi</span> <span class='ocrx_word' id='word_1_107' title='bbox 350 2130 432 2188; x_wconf 90' lang='lat' dir='ltr'>sunt</span> <span class='ocrx_word' id='word_1_108' title='bbox 445 2124 584 2206; x_wconf 93' lang='lat' dir='ltr'>plurimi</span> <span class='ocrx_word' id='word_1_109' title='bbox 596 2149 605 2198; x_wconf 90' lang='lat'>;</span> <span class='ocrx_word' id='word_1_110' title='bbox 623 2127 634 2159; x_wconf 86' lang='lat'>‘</span> <span class='ocrx_word' id='word_1_111' title='bbox 646 2124 852 2205; x_wconf 90' lang='lat' dir='ltr'>quibusdam</span> <span class='ocrx_word' id='word_1_112' title='bbox 861 2121 889 2156; x_wconf 85' lang='lat'>&#39;⁴</span> <span class='ocrx_word' id='word_1_113' title='bbox 907 2131 1023 2187; x_wconf 88' lang='lat' dir='ltr'>tamen</span> <span class='ocrx_word' id='word_1_114' title='bbox 1037 2122 1133 2187; x_wconf 85' lang='lat' dir='ltr'>visus</span> 
     </span>
     <span class='ocr_line' id='line_1_18' title="bbox 184 2221 1133 2300; baseline -0.002 -14"><span class='ocrx_word' id='word_1_115' title='bbox 184 2229 238 2286; x_wconf 93' lang='lat' dir='ltr'>est</span> <span class='ocrx_word' id='word_1_116' title='bbox 249 2223 305 2287; x_wconf 91' lang='lat' dir='ltr'>hic</span> <span class='ocrx_word' id='word_1_117' title='bbox 319 2243 431 2287; x_wconf 89' lang='lat' dir='ltr'>sermo</span> <span class='ocrx_word' id='word_1_118' title='bbox 444 2224 562 2288; x_wconf 76' lang='lat' dir='ltr'>durus</span> <span class='ocrx_word' id='word_1_119' title='bbox 599 2222 700 2286; x_wconf 87' lang='lat' dir='ltr'>Tunc</span> <span class='ocrx_word' id='word_1_120' title='bbox 715 2223 847 2288; x_wconf 64' lang='lat' dir='ltr'>seniora</span> <span class='ocrx_word' id='word_1_121' title='bbox 861 2228 883 2257; x_wconf 89' lang='lat'><strong>“</strong></span> <span class='ocrx_word' id='word_1_122' title='bbox 896 2221 1065 2300; x_wconf 85' lang='lat' dir='ltr'>Quibus,”</span> <span class='ocrx_word' id='word_1_123' title='bbox 1081 2221 1133 2284; x_wconf 93' lang='lat' dir='ltr'>in·</span> 
     </span>
     <span class='ocr_line' id='line_1_19' title="bbox 186 2321 1134 2404; baseline -0.002 -19"><span class='ocrx_word' id='word_1_124' title='bbox 186 2323 272 2404; x_wconf 89' lang='lat' dir='ltr'>quit,</span> <span class='ocrx_word' id='word_1_125' title='bbox 291 2329 313 2358; x_wconf 89' lang='lat'>“</span> <span class='ocrx_word' id='word_1_126' title='bbox 324 2322 503 2387; x_wconf 87' lang='lat' dir='ltr'>consilium</span> <span class='ocrx_word' id='word_1_127' title='bbox 518 2328 590 2386; x_wconf 90' lang='lat' dir='ltr'>tam</span> <span class='ocrx_word' id='word_1_128' title='bbox 607 2323 734 2386; x_wconf 88' lang='lat' dir='ltr'>bonum</span> <span class='ocrx_word' id='word_1_129' title='bbox 748 2323 911 2404; x_wconf 91' lang='lat' dir='ltr'>piumque</span> <span class='ocrx_word' id='word_1_130' title='bbox 924 2340 993 2384; x_wconf 93' lang='lat' dir='ltr'>non</span> <span class='ocrx_word' id='word_1_131' title='bbox 1008 2321 1134 2403; x_wconf 89' lang='lat' dir='ltr'>placet,</span> 
     </span>
     <span class='ocr_line' id='line_1_20' title="bbox 184 2417 1133 2503; baseline -0.001 -21"><span class='ocrx_word' id='word_1_132' title='bbox 184 2421 328 2486; x_wconf 87' lang='lat' dir='ltr'>sedeant</span> <span class='ocrx_word' id='word_1_133' title='bbox 354 2441 509 2486; x_wconf 88' lang='lat' dir='ltr'>seorsum</span> <span class='ocrx_word' id='word_1_134' title='bbox 539 2421 583 2485; x_wconf 91' lang='lat' dir='ltr'>ab</span> <span class='ocrx_word' id='word_1_135' title='bbox 612 2420 678 2485; x_wconf 93' lang='lat' dir='ltr'>hoc</span> <span class='ocrx_word' id='word_1_136' title='bbox 707 2429 828 2484; x_wconf 90' lang='lat' dir='ltr'>sancto</span> <span class='ocrx_word' id='word_1_137' title='bbox 860 2419 1032 2503; x_wconf 81' lang='lat' dir='ltr'>praescissi</span> <span class='ocrx_word' id='word_1_138' title='bbox 1061 2417 1133 2486; x_wconf 90' lang='lat' dir='ltr'>col·</span> 
     </span>
     <span class='ocr_line' id='line_1_21' title="bbox 185 2518 1134 2603; baseline 0 -21"><span class='ocrx_word' id='word_1_139' title='bbox 185 2519 297 2600; x_wconf 80' lang='lat' dir='ltr'>legio:</span> <span class='ocrx_word' id='word_1_140' title='bbox 329 2521 428 2586; x_wconf 91' lang='lat' dir='ltr'>nobis</span> <span class='ocrx_word' id='word_1_141' title='bbox 459 2519 550 2584; x_wconf 90' lang='lat' dir='ltr'>enim</span> <span class='ocrx_word' id='word_1_142' title='bbox 583 2540 655 2603; x_wconf 83' lang='lat' dir='ltr'>prae</span> <span class='ocrx_word' id='word_1_143' title='bbox 687 2521 833 2584; x_wconf 90' lang='lat' dir='ltr'>caritate</span> <span class='ocrx_word' id='word_1_144' title='bbox 861 2518 950 2600; x_wconf 86' lang='lat' dir='ltr'>legis</span> <span class='ocrx_word' id='word_1_145' title='bbox 980 2525 1134 2600; x_wconf 83' lang='lat' dir='ltr'>paternae</span> 
     </span>
     <span class='ocr_line' id='line_1_22' title="bbox 186 2616 1135 2702; baseline -0.001 -19"><span class='ocrx_word' id='word_1_146' title='bbox 186 2619 259 2683; x_wconf 85' lang='lat' dir='ltr'>vita</span> <span class='ocrx_word' id='word_1_147' title='bbox 293 2619 368 2684; x_wconf 87' lang='lat' dir='ltr'>haec</span> <span class='ocrx_word' id='word_1_148' title='bbox 397 2619 597 2701; x_wconf 86' lang='lat' dir='ltr'>temporalis</span> <span class='ocrx_word' id='word_1_149' title='bbox 622 2618 697 2702; x_wconf 81' lang='lat' dir='ltr'>Jam</span> <span class='ocrx_word' id='word_1_150' title='bbox 718 2617 861 2684; x_wconf 81' lang='lat' dir='ltr'>.viluit’&#39;</span> <span class='ocrx_word' id='word_1_151' title='bbox 914 2616 1135 2682; x_wconf 85' lang='lat' dir='ltr'>Secesserunt</span> 
     </span>
     <span class='ocr_line' id='line_1_23' title="bbox 186 2715 1134 2801; baseline -0.002 -21"><span class='ocrx_word' id='word_1_152' title='bbox 186 2737 269 2799; x_wconf 85' lang='lat' dir='ltr'>ergo</span> <span class='ocrx_word' id='word_1_153' title='bbox 301 2719 450 2801; x_wconf 90' lang='lat' dir='ltr'>plurimi,</span> <span class='ocrx_word' id='word_1_154' title='bbox 482 2717 634 2783; x_wconf 91' lang='lat' dir='ltr'>hostium</span> <span class='ocrx_word' id='word_1_155' title='bbox 666 2718 781 2800; x_wconf 91' lang='lat' dir='ltr'>potius</span> <span class='ocrx_word' id='word_1_156' title='bbox 818 2715 1035 2782; x_wconf 89' lang='lat' dir='ltr'>clementiam</span> <span class='ocrx_word' id='word_1_157' title='bbox 1072 2735 1134 2778; x_wconf 84' lang='lat' dir='ltr'>ex·</span> 
     </span>
     <span class='ocr_line' id='line_1_24' title="bbox 184 2815 1135 2899; baseline -0.001 -19"><span class='ocrx_word' id='word_1_158' title='bbox 184 2818 288 2899; x_wconf 87' lang='lat' dir='ltr'>periri</span> <span class='ocrx_word' id='word_1_159' title='bbox 316 2837 421 2899; x_wconf 91' lang='lat' dir='ltr'>quam</span> <span class='ocrx_word' id='word_1_160' title='bbox 449 2817 514 2882; x_wconf 92' lang='lat' dir='ltr'>hoc</span> <span class='ocrx_word' id='word_1_161' title='bbox 545 2817 646 2880; x_wconf 90' lang='lat' dir='ltr'>modo</span> <span class='ocrx_word' id='word_1_162' title='bbox 671 2817 809 2881; x_wconf 91' lang='lat' dir='ltr'>interire</span> <span class='ocrx_word' id='word_1_163' title='bbox 836 2834 914 2880; x_wconf 91' lang='lat' dir='ltr'>cum</span> <span class='ocrx_word' id='word_1_164' title='bbox 940 2815 1045 2880; x_wconf 87' lang='lat' dir='ltr'>sociis</span> <span class='ocrx_word' id='word_1_165' title='bbox 1073 2815 1135 2880; x_wconf 91' lang='lat' dir='ltr'>eli·</span> 
     </span>
     <span class='ocr_line' id='line_1_25' title="bbox 185 2913 1134 2997; baseline -0.003 -18"><span class='ocrx_word' id='word_1_166' title='bbox 185 2923 317 2997; x_wconf 79' lang='lat' dir='ltr'>gentes.</span> <span class='ocrx_word' id='word_1_167' title='bbox 369 2917 457 2982; x_wconf 86' lang='lat' dir='ltr'>Mox</span> <span class='ocrx_word' id='word_1_168' title='bbox 481 2916 526 2982; x_wconf 91' lang='lat' dir='ltr'>ad</span> <span class='ocrx_word' id='word_1_169' title='bbox 548 2917 727 2981; x_wconf 89' lang='lat' dir='ltr'>arbitrium</span> <span class='ocrx_word' id='word_1_170' title='bbox 748 2915 958 2980; x_wconf 87' lang='lat' dir='ltr'>insanissimi</span> <span class='ocrx_word' id='word_1_171' title='bbox 977 2913 1134 2990; x_wconf 90' lang='lat' dir='ltr'>senioris,</span> 
     </span>
     <span class='ocr_line' id='line_1_26' title="bbox 184 3014 1135 3099; baseline -0.004 -19"><span class='ocrx_word' id='word_1_172' title='bbox 184 3035 228 3080; x_wconf 86' lang='lat' dir='ltr'>nc</span> <span class='ocrx_word' id='word_1_173' title='bbox 258 3017 330 3082; x_wconf 87' lang='lat' dir='ltr'>suis</span> <span class='ocrx_word' id='word_1_174' title='bbox 361 3016 484 3099; x_wconf 91' lang='lat' dir='ltr'>opibus</span> <span class='ocrx_word' id='word_1_175' title='bbox 523 3014 639 3081; x_wconf 87' lang='lat' dir='ltr'>hostes</span> <span class='ocrx_word' id='word_1_176' title='bbox 679 3015 882 3090; x_wconf 89' lang='lat' dir='ltr'>ditarentur,</span> <span class='ocrx_word' id='word_1_177' title='bbox 910 3021 1026 3078; x_wconf 88' lang='lat' dir='ltr'>vestes</span> <span class='ocrx_word' id='word_1_178' title='bbox 1060 3032 1135 3094; x_wconf 91' lang='lat' dir='ltr'>pre·</span> 
     </span>
     <span class='ocr_line' id='line_1_27' title="bbox 185 3111 1135 3197; baseline -0.005 -19"><span class='ocrx_word' id='word_1_179' title='bbox 185 3115 293 3182; x_wconf 89' lang='lat' dir='ltr'>tiosas</span> <span class='ocrx_word' id='word_1_180' title='bbox 322 3116 413 3197; x_wconf 79' lang='lat' dir='ltr'>ignis</span> <span class='ocrx_word' id='word_1_181' title='bbox 445 3115 657 3197; x_wconf 80' lang='lat' dir='ltr'>absumpsit3</span> <span class='ocrx_word' id='word_1_182' title='bbox 692 3133 778 3179; x_wconf 85' lang='lat' dir='ltr'>vasa</span> <span class='ocrx_word' id='word_1_183' title='bbox 812 3132 892 3176; x_wconf 89' lang='lat' dir='ltr'>vero</span> <span class='ocrx_word' id='word_1_184' title='bbox 924 3111 1135 3193; x_wconf 88' lang='lat' dir='ltr'>concupisci·</span> 
     </span>
     <span class='ocr_line' id='line_1_28' title="bbox 184 3211 1135 3296; baseline -0.003 -19"><span class='ocrx_word' id='word_1_185' title='bbox 184 3215 280 3291; x_wconf 89' lang='lat' dir='ltr'>bilia,</span> <span class='ocrx_word' id='word_1_186' title='bbox 312 3223 347 3278; x_wconf 90' lang='lat' dir='ltr'>et</span> <span class='ocrx_word' id='word_1_187' title='bbox 377 3221 504 3279; x_wconf 82' lang='lat' dir='ltr'>caetera</span> <span class='ocrx_word' id='word_1_188' title='bbox 533 3231 611 3296; x_wconf 87' lang='lat' dir='ltr'>quae</span> <span class='ocrx_word' id='word_1_189' title='bbox 638 3233 708 3277; x_wconf 92' lang='lat' dir='ltr'>non</span> <span class='ocrx_word' id='word_1_190' title='bbox 737 3218 898 3295; x_wconf 89' lang='lat' dir='ltr'>poterant</span> <span class='ocrx_word' id='word_1_191' title='bbox 927 3231 988 3294; x_wconf 89' lang='lat' dir='ltr'>per</span> <span class='ocrx_word' id='word_1_192' title='bbox 1019 3211 1135 3291; x_wconf 86' lang='lat' dir='ltr'>ignem</span> 
     </span>
     <span class='ocr_line' id='line_1_29' title="bbox 171 3309 1136 3393; baseline 0 -17"><span class='ocrx_word' id='word_1_193' title='bbox 171 3314 344 3390; x_wconf 79' lang='lat' dir='ltr'>transire,</span> <span class='ocrx_word' id='word_1_194' title='bbox 371 3313 558 3378; x_wconf 85' lang='lat' dir='ltr'>artificiosa</span> <span class='ocrx_word' id='word_1_195' title='bbox 583 3312 714 3378; x_wconf 83' lang='lat' dir='ltr'>invidia</span> <span class='ocrx_word' id='word_1_196' title='bbox 745 3309 906 3393; x_wconf 86' lang='lat' dir='ltr'>pudenda</span> <span class='ocrx_word' id='word_1_197' title='bbox 927 3309 1136 3392; x_wconf 82' lang='lat' dir='ltr'>repositione</span> 
     </span>
     <span class='ocr_line' id='line_1_30' title="bbox 186 3408 1135 3492; baseline -0.005 -16"><span class='ocrx_word' id='word_1_198' title='bbox 186 3412 374 3481; x_wconf 84' lang='lat' dir='ltr'>damnavit.</span> <span class='ocrx_word' id='word_1_199' title='bbox 422 3411 556 3490; x_wconf 85' lang='lat' dir='ltr'>Quibus</span> <span class='ocrx_word' id='word_1_200' title='bbox 572 3412 670 3490; x_wconf 90' lang='lat' dir='ltr'>actis,</span> <span class='ocrx_word' id='word_1_201' title='bbox 686 3419 721 3476; x_wconf 91' lang='lat' dir='ltr'>et</span> <span class='ocrx_word' id='word_1_202' title='bbox 742 3411 822 3492; x_wconf 73' lang='lat' dir='ltr'>igne</span> <span class='ocrx_word' id='word_1_203' title='bbox 844 3409 945 3474; x_wconf 88' lang='lat' dir='ltr'>tectis</span> <span class='ocrx_word' id='word_1_204' title='bbox 970 3408 1135 3483; x_wconf 87' lang='lat' dir='ltr'>immisso,</span> 
     </span>
     <span class='ocr_line' id='line_1_31' title="bbox 189 3506 1136 3594; baseline -0.008 -19"><span class='ocrx_word' id='word_1_205' title='bbox 189 3511 271 3576; x_wconf 91' lang='lat' dir='ltr'>dum</span> <span class='ocrx_word' id='word_1_206' title='bbox 302 3512 392 3594; x_wconf 80' lang='lat' dir='ltr'>ignis</span> <span class='ocrx_word' id='word_1_207' title='bbox 426 3511 500 3593; x_wconf 86' lang='lat' dir='ltr'>ipse</span> <span class='ocrx_word' id='word_1_208' title='bbox 535 3528 671 3574; x_wconf 87' lang='lat' dir='ltr'>morose</span> <span class='ocrx_word' id='word_1_209' title='bbox 711 3511 901 3574; x_wconf 86' lang='lat' dir='ltr'>nutriretur</span> <span class='ocrx_word' id='word_1_210' title='bbox 939 3508 1043 3571; x_wconf 83' lang='lat' dir='ltr'>sociis</span> <span class='ocrx_word' id='word_1_211' title='bbox 1077 3506 1136 3589; x_wconf 90' lang='lat' dir='ltr'>qui</span> 
     </span>
     <span class='ocr_line' id='line_1_32' title="bbox 187 3604 1136 3690; baseline -0.006 -16"><span class='ocrx_word' id='word_1_212' title='bbox 187 3629 304 3675; x_wconf 89' lang='lat' dir='ltr'>amore</span> <span class='ocrx_word' id='word_1_213' title='bbox 318 3612 401 3676; x_wconf 79' lang='lat' dir='ltr'>vitae</span> <span class='ocrx_word' id='word_1_214' title='bbox 416 3611 460 3674; x_wconf 85' lang='lat' dir='ltr'>ab</span> <span class='ocrx_word' id='word_1_215' title='bbox 475 3609 524 3673; x_wconf 92' lang='lat' dir='ltr'>eis</span> <span class='ocrx_word' id='word_1_216' title='bbox 541 3616 768 3684; x_wconf 88' lang='lat' dir='ltr'>secesserant,</span> <span class='ocrx_word' id='word_1_217' title='bbox 792 3614 802 3641; x_wconf 89' lang='lat'>‘</span> <span class='ocrx_word' id='word_1_218' title='bbox 809 3604 982 3690; x_wconf 76' lang='lat' dir='ltr'>jugulos’⁵</span> <span class='ocrx_word' id='word_1_219' title='bbox 1004 3606 1048 3670; x_wconf 90' lang='lat' dir='ltr'>ad</span> <span class='ocrx_word' id='word_1_220' title='bbox 1064 3605 1136 3672; x_wconf 82' lang='lat' dir='ltr'>vie·</span> 
     </span>
     <span class='ocr_line' id='line_1_33' title="bbox 187 3705 1136 3791; baseline -0.006 -19"><span class='ocrx_word' id='word_1_221' title='bbox 187 3709 306 3773; x_wconf 88' lang='lat' dir='ltr'>timam</span> <span class='ocrx_word' id='word_1_222' title='bbox 335 3709 590 3791; x_wconf 86' lang='lat' dir='ltr'>praeparabant.</span> <span class='ocrx_word' id='word_1_223' title='bbox 643 3707 808 3772; x_wconf 90' lang='lat' dir='ltr'>Dictante</span> <span class='ocrx_word' id='word_1_224' title='bbox 834 3725 918 3771; x_wconf 84' lang='lat' dir='ltr'>vero</span> <span class='ocrx_word' id='word_1_225' title='bbox 944 3705 1136 3770; x_wconf 87' lang='lat' dir='ltr'>inveterato</span> 
     </span>
     <span class='ocr_line' id='line_1_34' title="bbox 186 3802 1137 3886; baseline -0.002 -16"><span class='ocrx_word' id='word_1_226' title='bbox 186 3807 246 3871; x_wconf 92' lang='lat' dir='ltr'>illo</span> <span class='ocrx_word' id='word_1_227' title='bbox 268 3809 398 3871; x_wconf 90' lang='lat' dir='ltr'>dierum</span> <span class='ocrx_word' id='word_1_228' title='bbox 426 3807 597 3872; x_wconf 85' lang='lat' dir='ltr'>malorum</span> <span class='ocrx_word' id='word_1_229' title='bbox 623 3813 662 3870; x_wconf 92' lang='lat' dir='ltr'>ut</span> <span class='ocrx_word' id='word_1_230' title='bbox 686 3806 751 3870; x_wconf 90' lang='lat' dir='ltr'>viri</span> <span class='ocrx_word' id='word_1_231' title='bbox 774 3806 897 3886; x_wconf 87' lang='lat' dir='ltr'>quibus</span> <span class='ocrx_word' id='word_1_232' title='bbox 921 3802 1137 3868; x_wconf 87' lang='lat' dir='ltr'>constantior</span> 
     </span>
    </p>
   </div>
   <div class='ocr_carea' id='block_1_4' title="bbox 175 3998 1138 4131">
    <p class='ocr_par' dir='ltr' id='par_1_4' title="bbox 175 3998 1138 4131">
     <span class='ocr_line' id='line_1_35' title="bbox 175 3998 1138 4071; baseline -0.015 -10"><span class='ocrx_word' id='word_1_233' title='bbox 175 4033 179 4053; x_wconf 85' lang='lat'>·</span> <span class='ocrx_word' id='word_1_234' title='bbox 222 4007 229 4038; x_wconf 89' lang='lat'>¹</span> <span class='ocrx_word' id='word_1_235' title='bbox 248 4009 349 4060; x_wconf 84' lang='lat' dir='ltr'>Eccles.</span> <span class='ocrx_word' id='word_1_236' title='bbox 356 4009 412 4060; x_wconf 79' lang='lat' dir='ltr'>viii.</span> <span class='ocrx_word' id='word_1_237' title='bbox 420 4012 445 4071; x_wconf 79' lang='lat'>4,</span> <span class='ocrx_word' id='word_1_238' title='bbox 453 4008 504 4058; x_wconf 79' lang='lat' dir='ltr'>and</span> <span class='ocrx_word' id='word_1_239' title='bbox 513 4007 607 4058; x_wconf 84' lang='lat' dir='ltr'>Daniel</span> <span class='ocrx_word' id='word_1_240' title='bbox 615 4007 649 4056; x_wconf 83' lang='lat' dir='ltr'>iu.</span> <span class='ocrx_word' id='word_1_241' title='bbox 709 4002 869 4066; x_wconf 75' lang='lat' dir='ltr'>“quibus,&#39;</span> <span class='ocrx_word' id='word_1_242' title='bbox 888 4001 965 4050; x_wconf 84' lang='lat' dir='ltr'><strong>MSS.</strong></span> <span class='ocrx_word' id='word_1_243' title='bbox 978 3998 1046 4051; x_wconf 84' lang='lat' dir='ltr'>Goll.</span> <span class='ocrx_word' id='word_1_244' title='bbox 1065 3999 1138 4047; x_wconf 81' lang='lat' dir='ltr'>Arm.</span> 
     </span>
     <span class='ocr_line' id='line_1_36' title="bbox 187 4070 875 4131; baseline -0.019 0"><span class='ocrx_word' id='word_1_245' title='bbox 187 4086 218 4131; x_wconf 77' lang='lat'>³5</span> <span class='ocrx_word' id='word_1_246' title='bbox 675 4075 726 4124; x_wconf 76' lang='lat' dir='ltr'>and</span> <span class='ocrx_word' id='word_1_247' title='bbox 738 4073 807 4122; x_wconf 84' lang='lat' dir='ltr'>cott.</span> <span class='ocrx_word' id='word_1_248' title='bbox 817 4070 875 4118; x_wconf 87' lang='lat' dir='ltr'>Tib.</span> 
     </span>
    </p>
   </div>
   <div class='ocr_carea' id='block_1_5' title="bbox 219 4116 1139 4270">
    <p class='ocr_par' dir='ltr' id='par_1_5' title="bbox 219 4116 1139 4270">
     <span class='ocr_line' id='line_1_37' title="bbox 221 4116 1139 4210; baseline -0.013 -12"><span class='ocrx_word' id='word_1_249' title='bbox 221 4116 231 4177; x_wconf 66' lang='lat'>3</span> <span class='ocrx_word' id='word_1_250' title='bbox 247 4150 255 4176; x_wconf 92' lang='lat'>‘</span> <span class='ocrx_word' id='word_1_251' title='bbox 268 4163 325 4199; x_wconf 87' lang='lat' dir='ltr'>curn</span> <span class='ocrx_word' id='word_1_252' title='bbox 337 4149 416 4210; x_wconf 78' lang='lat' dir='ltr'>ergo‚&#39;</span> <span class='ocrx_word' id='word_1_253' title='bbox 427 4146 483 4198; x_wconf 86' lang='lat' dir='ltr'>MS.</span> <span class='ocrx_word' id='word_1_254' title='bbox 497 4146 593 4194; x_wconf 86' lang='lat' dir='ltr'>Lansd.</span> <span class='ocrx_word' id='word_1_255' title='bbox 710 4140 721 4170; x_wconf 78' lang='lat'><em>⁶</em></span> <span class='ocrx_word' id='word_1_256' title='bbox 737 4139 888 4202; x_wconf 45' lang='lat' dir='ltr'>‘singulog’</span> <span class='ocrx_word' id='word_1_257' title='bbox 903 4136 978 4186; x_wconf 83' lang='lat' dir='ltr'><strong>MSS.</strong></span> <span class='ocrx_word' id='word_1_258' title='bbox 990 4135 1056 4186; x_wconf 82' lang='lat'><strong>0011.</strong></span> <span class='ocrx_word' id='word_1_259' title='bbox 1068 4134 1139 4186; x_wconf 82' lang='lat' dir='ltr'>Arm.</span> 
     </span>
     <span class='ocr_line' id='line_1_38' title="bbox 219 4209 873 4270; baseline -0.017 1"><span class='ocrx_word' id='word_1_260' title='bbox 219 4216 229 4246; x_wconf 88' lang='lat'><strong>³</strong></span> <span class='ocrx_word' id='word_1_261' title='bbox 246 4217 359 4270; x_wconf 84' lang='lat' dir='ltr'>Omitted</span> <span class='ocrx_word' id='word_1_262' title='bbox 372 4217 398 4268; x_wconf 88' lang='lat' dir='ltr'>iu</span> <span class='ocrx_word' id='word_1_263' title='bbox 410 4217 467 4266; x_wconf 86' lang='lat' dir='ltr'>MS.</span> <span class='ocrx_word' id='word_1_264' title='bbox 479 4216 573 4268; x_wconf 82' lang='lat' dir='ltr'>Lausd.</span> <span class='ocrx_word' id='word_1_265' title='bbox 675 4211 726 4261; x_wconf 80' lang='lat' dir='ltr'>aud</span> <span class='ocrx_word' id='word_1_266' title='bbox 738 4209 804 4260; x_wconf 83' lang='lat' dir='ltr'>Cott.</span> <span class='ocrx_word' id='word_1_267' title='bbox 815 4209 873 4260; x_wconf 83' lang='lat' dir='ltr'>Tib.</span> 
     </span>
    </p>
   </div>
   <div class='ocr_carea' id='block_1_6' title="bbox 238 4321 990 4380">
    <p class='ocr_par' dir='ltr' id='par_1_6' title="bbox 238 4321 990 4380">
     <span class='ocr_line' id='line_1_39' title="bbox 238 4321 990 4380; baseline -0.004 -1"><span class='ocrx_word' id='word_1_268' title='bbox 238 4333 314 4380; x_wconf 86' lang='lat' dir='ltr'><strong>VOL.</strong></span> <span class='ocrx_word' id='word_1_269' title='bbox 334 4333 358 4379; x_wconf 91' lang='lat' dir='ltr'>l.</span> <span class='ocrx_word' id='word_1_270' title='bbox 968 4321 990 4368; x_wconf 63' lang='grc' dir='ltr'><strong><em>Β</em></strong></span> 
     </span>
    </p>
   </div>
   <div class='ocr_carea' id='block_1_7' title="bbox 0 0 1564 4990">
    <p class='ocr_par' dir='ltr' id='par_1_7' title="bbox 0 0 1564 4990">
     <span class='ocr_line' id='line_1_40' title="bbox 0 0 1564 4990; baseline 0 0"><span class='ocrx_word' id='word_1_271' title='bbox 0 0 1564 4990; x_wconf 95' lang='lat' dir='ltr'> </span> 
     </span>
    </p>
   </div>
  </div>
 </body>
</html>
