3132 4996
393 485 563 533 warram
589 485 635 531 oa
659 484 943 534 unurucacacu.
1096 471 1143 536 68

185 663 259 706 rem
275 641 443 706 Lodovici
455 643 546 722 regis
560 641 716 706 Franciae
729 641 981 718 Constantiam,
995 642 1038 706 ad
1052 663 1140 726 opus
1178 661 1277 712 sapam

187 749 223 806 et
242 743 465 823 maritagium
487 741 549 805 filii
571 743 626 805 sui
649 742 838 806 Eustachii.
892 741 938 805 Et
956 742 1054 826 jnsto
1072 713 1304 808 DeiQ

182 841 317 925 judicio
340 843 405 906 hoc
430 842 463 905 oi
486 842 641 923 contigit,
664 848 784 923 utpote
806 842 866 923 qui
888 843 962 923 regi
986 842 1142 908 Henrico

186 949 222 1004 et
237 942 319 1005 filiae
333 961 407 1005 suae
422 941 622 1004 fidelitatem
639 942 749 1023 primo
760 941 953 1024 juraverat,
969 941 1013 1005 de
1032 961 1141 1023 regno

188 1040 328 1122 Angliae
343 1042 409 1124 ipsi
431 1040 510 1104 filiae
532 1059 605 1104 suae
628 1041 861 1104 conservando
876 1046 912 1104 et
926 1041 1031 1104 etiam
1041 1041 1141 1124 jnra-

187 1143 275 1204 turis
316 1140 461 1222 singnlis
498 1140 643 1204 formam
677 1140 869 1223 juramenti
908 1149 1141 1222 expresserat,

187 1239 409 1322 postmodum
432 1239 585 1323 ejusdem
610 1238 799 1322 juramenti
823 1239 1013 1316 immemor,
1036 1239 1141 1305 immo

186 1340 301 1420 magis
341 1346 566 1421 contemptor,
599 1338 811 1402 coronationi
848 1340 939 1421 regis
974 1339 1140 1421 Stephani

187 1440 289 1521 quasi
319 1446 523 1522 cooperator
542 1439 662 1502 extitit
683 1446 720 1501 ct
742 1438 899 1521 adjutor:
936 1447 973 1503 et
1002 1440 1141 1521 quidem

187 1538 385 1604 Willelmus
402 1539 660 1603 Cantuariensis
678 1537 967 1620 archiepiscopus,
985 1538 1141 1621 ejusdem

186 1646 226 1702 ut
253 1639 405 1702 creditur
429 1638 570 1722 perjurii
597 1637 730 1712 merito,
752 1638 827 1718 ipso
848 1638 1140 1719 praevaricationis

188 1757 261 1801 suae
277 1757 368 1801 anno
385 1737 521 1814 defecit,
537 1743 572 1800 et
589 1743 745 1800 mortuus
760 1743 824 1800 est.
865 1737 951 1801 Post
967 1737 1041 1802 haec
1056 1758 1140 1803 vero
1152 1756 1296 1797 coenarum

274 1839 281 1852 .
396 1837 403 1850 .
602 1837 608 1850 .
733 1837 739 1849 .
829 1836 836 1851 .
905 1839 912 1854 .
992 1837 999 1852 .
1152 1807 1296 1847 athnchas-

189 1844 224 1900 et
235 1838 486 1921 aliquantisper
498 1833 672 1900 chrrcus
681 1836 932 1901 Wmtomensrs
946 1857 1139 1921 episeopuS,
1153 1857 1303 1905 aaruaay,

188 1938 296 2000 frater
311 1937 415 2019 regis,
438 1945 472 2001 et
495 1937 664 2000 Romanae
686 1936 841 2000 ecclesiae
865 1935 1012 2017 legatuS,
1030 1938 1142 2000 tenuit
1155 1909 1253 1956 ΜΝ

188 2036 371 2101 concilium
390 2037 481 2118 apud
494 2035 729 2113 Wintoniam3
752 2036 811 2098 ubi
834 2036 988 2117 episcopi
1003 2033 1141 2116 Angliae

189 2138 435 2200 convenientes
457 2143 492 2199 et
509 2135 553 2199 ad
575 2135 681 2218 pedes
695 2135 787 2215 regis
804 2135 980 2215 prostrati,
996 2153 1142 2215 rogave-

188 2245 269 2299 runt
290 2256 407 2317 regem
438 2243 477 2299 ut
502 2235 734 2317 possessiones
764 2241 799 2296 et
826 2234 969 2297 castolla
998 2230 1142 2315 praedic·

189 2343 304 2399 torum
316 2337 555 2417 episcoporum
566 2341 842 2398 restaurarentur
853 2334 914 2397 eis.
949 2333 1017 2397 Sed
1032 2335 1143 2399 noluit

188 2455 248 2499 eos
266 2436 385 2499 audire
402 2455 486 2514 rex;
509 2442 650 2517 propter
665 2434 769 2515 qnod,
783 2441 824 2496 ut
840 2433 1003 2510 creditur,
1021 2434 1143 2499 domus

189 2536 287 2615 regia
302 2534 446 2598 finitimo
461 2534 633 2617 subjacuit
648 2533 773 2597 divinae
788 2533 923 2597 ultioni.

192 2754 344 2834 Quomodo
359 2764 467 2840 captus
474 2755 548 2838 suit
563 2755 630 2818 Rea
646 2753 820 2839 Stephanus
843 2753 933 2839 opud
945 2752 1141 2818 Lincolor'om

500 2875 562 2938 per
579 2855 825 2938 Imperatrr'com.

239 3025 364 3090 Sexto¹
382 3046 474 3090 anno
489 3028 582 3108 regis
595 3027 763 3111 Stephani
780 3049 859 3092 cum
874 3030 1028 3094 exercitu
1046 3049 1141 3112 mag·
1156 3059 1245 3100 utana

189 3145 234 3189 no
246 3127 389 3190 venitin
401 3124 564 3208 Angliam
579 3127 651 3190 filia
665 3129 757 3209 regis
774 3127 930 3206 Henrici,
943 3149 1020 3211 qnae
1032 3149 1139 3211 quon.
1153 3109 1243 3198 ffissfl'
1253 3110 1308 3160 ³¹¹⁸·

189 3225 271 3288 dam
287 3223 502 3290 Alamanniae
516 3227 717 3308 imperatrix
736 3226 860 3303 fuerat,
876 3237 911 3292 et
925 3230 981 3292 cui
998 3227 1140 3310 Anglia,

188 3331 229 3388 ut
237 3325 442 3407 praedictum
456 3333 520 3401 est,
535 3324 610 3389 ‘a'2
621 3329 842 3406 magnatibus
859 3334 961 3390 terrae
970 3329 1141 3408 promissa

189 3431 225 3486 et
235 3423 357 3507 jurata
371 3425 557 3504 extiterat3
582 3425 816 3508 applicuitque
838 3443 1002 3507 prospere
1018 3434 1053 3488 et
1074 3426 1141 3489 iter

189 3524 319 3587 direxit
339 3524 384 3587 ad
401 3507 571 3600 Aruddel,
585 3526 644 3589 ubi
666 3545 728 3589 rex
746 3524 942 3606 Stephanus
958 3544 1140 3589 occurrens
1154 3543 1285 3645 {23:232

188 3643 268 3686 cum
283 3624 427 3705 impetu,
445 3625 578 3688 obsedit
593 3643 669 3688 cam
687 3626 735 3688 ihi
751 3645 812 3707 per
827 3623 966 3706 aliquod
982 3631 1118 3708 tempus
1130 3646 1139 3704 ;
1153 3645 1280 3736 graffium

187 3722 248 3786 sed
271 3743 355 3786 mox
381 3724 513 3805 perfida
535 3725 677 3788 credens
699 3725 854 3800 consilia,
872 3724 1058 3789 dicentium
1073 3745 1139 3790 scr-

186 3821 270 3886 lioet
284 3823 350 3885 sibi
372 3829 522 3886 castrum
544 3823 630 3886 illud
648 3842 724 3887 esse
743 3825 842 3905 quasi
858 3825 1138 3906 inexpugnabile,

186 3922 337 3985 retraxit
350 3941 399 3997 se,
415 3930 450 3985 et
464 3941 541 3986 eam
561 3923 655 3986 abire
677 3925 832 4005 permisit
847 3942 957 4005 usque
980 3925 1138 3987 Bristow.
1153 3950 1275 3999 stapam

187 4019 381 4102 Statimque
399 4022 572 4086 concurrit
587 4022 631 4085 ad
652 4041 728 4086 eam
743 4021 936 4102 Anglorum
957 4021 1140 4084 multitudo
1153 4001 1292 4140 Ξῗὲἷῖἶὲῗῖξξ

1177 4111 1239 4149 enyo
1281 4112 1294 4140 ο

223 4180 230 4208 ¹
246 4180 312 4229 This
327 4181 386 4230 dato
397 4181 491 4230 relatos
501 4186 527 4230 to
538 4182 580 4230 the
592 4197 652 4243 cap·
713 4178 724 4208 ²
740 4181 806 4244 ‘ex,’
818 4180 874 4230 MS.
888 4180 954 4230 Coll.
966 4180 1037 4232 Arm.
1154 4151 1236 4190 ΜΝ·

186 4253 242 4299 ture
251 4251 281 4298 ol
289 4249 360 4312 King
371 4250 483 4313 Stephon
494 4257 521 4300 at
532 4252 646 4301 Lincoln.
