3128 4992
410 461 454 525 42
776 476 985 524 canonicor

256 647 385 740 prgam·
411 640 464 696 est
474 633 662 714 Magontiae
670 631 730 696 illa
740 633 939 696 solemnitas
951 632 1114 708 maxima,
1132 630 1240 714 ‘qua’¹
1256 637 1361 699 etiam

247 751 399 819 effi
411 733 530 796 eodem
545 733 599 795 die
614 733 649 794 in
663 733 912 814 imperatricem
928 739 1128 798 consecrata
1142 741 1206 798 est.
1230 734 1361 799 Eodem

246 829 369 927 ¹432?de
378 881 397 918 ⁵·
411 851 512 908 anno,
538 849 592 896 111.
608 851 715 895 nonas
731 831 829 907 Maii,
844 832 965 895 civitas
981 831 1169 909 cicestriae,
1189 853 1266 897 cum
1285 855 1359 897 mo-

411 932 559 995 nasterio
596 930 760 1014 ejusdem,
800 950 862 1011 per
895 931 1060 994 incuriam
1090 932 1162 1012 igni
1193 952 1359 996 succensa

246 1041 354 1082 Thuntsn
411 1037 475 1095 est.
524 1030 654 1094 Eodem
685 1049 775 1094 anno
801 1029 1017 1093 Thurstinus'
1040 1031 1132 1110 regis
1160 1032 1358 1113 capellanus

245 1093 326 1191 iffi
329 1093 373 1181 0⁸1rc
373 1093 398 1133 ¹¹⁸
410 1131 455 1193 ad
484 1131 636 1194 Eborum
671 1130 1001 1211 archiepiscopatum
1039 1128 1168 1193 electus
1207 1139 1272 1208 est,
1301 1132 1357 1194 die

246 1191 666 1310 {aiiffrftfflnssumptionis
698 1230 818 1292 Beatae
850 1227 984 1305 Mariae,
1015 1228 1107 1310 apud
1133 1229 1356 1295 Wintoniam.

247 1338 290 1378 θεῖ·
300 1339 388 1380 00210·
410 1328 540 1392 Eodem
564 1347 653 1392 anno
675 1329 801 1392 fluvius
818 1328 1012 1411 Medeway,
1027 1345 1074 1392 V1.
1095 1327 1171 1392 idus
1184 1329 1356 1407 Octobris,

409 1446 471 1508 per
493 1427 657 1491 nonnulla
679 1427 837 1491 milliaria
859 1429 909 1492 ita
933 1427 1058 1491 defecit
1078 1427 1113 1489 in
1135 1447 1184 1502 se,
1207 1430 1298 1509 quod
1320 1431 1357 1492 in

408 1527 520 1591 medio
546 1519 600 1590 sui
628 1526 726 1590 alveo
755 1527 858 1591 etiam
887 1528 1099 1609 parvissimae
1128 1545 1234 1591 naves
1264 1529 1360 1592 elabi

246 1632 477 1730 {gamunan
499 1634 640 1708 possent
659 1626 885 1708 aliquatenus.
930 1626 1085 1689 Tamisia
1107 1628 1210 1690 etiam
1233 1628 1353 1691 eodem

248 1733 289 1771 don
301 1733 384 1782 Bridae·
412 1724 466 1788 die
480 1726 624 1789 similem
639 1724 854 1790 ‘defectum'l
870 1725 996 1805 sensit;
1020 1745 1100 1788 nam
1114 1727 1203 1789 inter
1218 1736 1358 1807 pontem

411 1832 447 1887 et
476 1827 566 1906 regis
595 1834 723 1889 turrem
752 1833 787 1888 et
816 1825 919 1888 etiam
945 1826 1009 1888 sub
1032 1832 1137 1906 ponte
1159 1826 1194 1887 in
1223 1833 1354 1889 tantum

410 1923 558 1987 fluminis
586 1925 694 2007 ipsius
716 1944 808 2006 aqua
831 1924 999 1988 diminuta
1025 1931 1090 2000 est,
1119 1932 1159 1987 ut
1180 1925 1359 1990 innumera

410 2022 584 2088 hominum
613 2032 648 2089 et
678 2042 861 2107 puerorum
890 2022 1073 2087 multitudo
1101 2022 1185 2086 illud
1214 2025 1358 2106 pedibus

410 2122 721 2201 ‘transvaserint‚’³
747 2142 839 2206 aqua
853 2124 930 2204 ipsa
945 2122 1082 2185 illorum
1098 2123 1157 2186 vix
1173 2143 1286 2203 genua
1301 2135 1355 2188 at·

409 2222 584 2304 tingente3
622 2224 760 2288 duravit
788 2229 904 2286 autern
932 2222 987 2285 hic
1019 2240 1119 2303 aquae
1150 2222 1304 2287 defectus
1334 2245 1357 2288 a

409 2322 520 2385 medio
549 2323 660 2385 noctis
698 2321 922 2404 praecedentis
953 2341 1062 2403 usque
1094 2322 1130 2384 in
1169 2322 1356 2403 profundas

408 2422 567 2484 tenebras
593 2422 703 2485 noctis
725 2421 909 2502 sequentis.
963 2419 1114 2484 Similem
1140 2441 1276 2504 quoque
1297 2423 1356 2487 de-

407 2519 536 2583 fectum
559 2539 726 2601 aquarum
745 2520 821 2602 ipso
838 2520 957 2583 eodem
977 2520 1031 2583 die
1049 2520 1142 2601 apud
1165 2519 1355 2586 Gernemu-

406 2617 514 2695 tham,
544 2626 578 2683 et
609 2621 645 2682 in
675 2620 751 2683 aliis
779 2618 875 2695 locis,
907 2626 1001 2682 certo
1031 2619 1143 2684 relatu
1172 2623 1356 2703 contigisse

407 2717 598 2781 didicimus

245 2833 373 2874 enom·
458 2817 561 2881 Anno
577 2832 715 2880 mcxvi
732 2823 806 2880 erat
826 2817 934 2880 hiems
954 2814 1166 2880 ‘maxima'⁴
1187 2825 1222 2881 et
1239 2837 1356 2900 asper-

245 2940 394 2982 savorem.
407 2916 504 2994 rima,
533 2917 584 2980 ita
613 2923 652 2979 ut
680 2915 751 2979 fere
782 2922 902 2998 pontes
932 2936 993 2999 per
1023 2916 1185 2998 Angliam
1214 2919 1294 2999 gelu
1320 2926 1356 2982 et

407 3015 517 3097 glacie
532 3024 567 3080 et
581 3034 748 3098 aquarum
764 3015 973 3079 abundantia
989 3015 1235 3098 frangerentur.

459 3207 614 3273 Dissentio
647 3208 729 3272 iotae·
760 3207 939 3271 Ountuuriae
967 3215 995 3270 et
1024 3206 1162 3271 Edonum
1188 3204 1304 3270 Arabi-

799 3327 960 3391 episcopor.

242 3448 373 3538 'rpfflp
456 3431 558 3496 Anno
580 3433 719 3497 Domini
736 3426 936 3496 ‘rr.cxvr.'⁵
954 3431 1152 3494 convocatis
1172 3430 1352 3494 comitibus

242 3510 380 3606 torruee'
406 3537 441 3594 et
454 3532 639 3595 baronibus
653 3552 731 3594 cum
746 3531 838 3594 clero
855 3531 962 3593 totius
978 3531 1073 3611 regni
1085 3528 1233 3610 Angliae,
1246 3530 1354 3593 tenuit

243 3596 368 3696 griffi?
406 3649 468 3692 rex
491 3631 753 3711 parliamentum
779 3649 879 3692 suum
908 3629 1000 3711 apud
1031 3628 1250 3692 Salesbiriam
1274 3645 1351 3692 xw.

243 3696 358 3786 {ruffin
406 3726 571 3790 kalendas
586 3727 727 3810 Aprilis.
780 3728 849 3791 Ubi
866 3727 968 3811 jussu
985 3729 1076 3810 regis
1100 3727 1243 3791 Henrici
1264 3727 1353 3791 fece-

405 3834 487 3890 runt
509 3826 665 3908 praedicti
689 3835 869 3908 magnates
899 3827 1061 3910 homagia
1086 3827 1157 3891 filio
1181 3846 1245 3891 suo
1265 3827 1353 3890 Wil-

439 4038 447 4068 ¹
464 4035 557 4098 ‘quae‚'
574 4035 797 4087 praealtum.
815 4035 866 4084 and
924 4029 1183 4096 ’‘transvadatunt,’
1210 4033 1267 4084 MS.
1287 4033 1352 4083 Call.

404 4106 470 4157 cott.
481 4107 539 4156 Tib.
890 4103 964 4154 Arm.

925 4170 935 4200 ⁴
952 4171 1078 4234 ‘mngnn,'
1089 4171 1147 4219 MS.
1160 4170 1228 4221 Gott.
1239 4171 1296 4220 Tib.

436 4241 446 4273 ²
462 4244 643 4306 ‘discursum'
658 4243 715 4293 MS.
728 4243 796 4294 Coti.
807 4243 864 4292 Tib.
924 4239 934 4272 ⁵
951 4237 1098 4304 ‘u.cxvrr.,'
1111 4241 1168 4291 MS.
1181 4241 1248 4291 Cott.
1260 4239 1317 4289 Tib.
