3132 4996
390 481 432 544 10
755 494 966 541 cunourcou

239 667 362 757 pigaffifirfl.
388 652 423 714 in
440 652 517 732 ipso
534 671 634 716 sacro
647 651 702 716 die
719 650 927 714 Natiuitatis
944 649 1125 714 dominicae
1150 648 1337 712 Londoniis

226 745 326 845 noenu,
362 747 367 758 '
388 752 480 832 apud
498 750 844 816 westmonasterium
868 749 934 813 hoc
952 767 1077 812 munus
1098 748 1278 830 implevit;
1303 755 1339 812 et

226 837 319 886 ⁰²⁰·25'·
389 850 433 912 ad
454 850 581 913 tuenda
607 848 911 930 conservandaque
930 848 1024 931 jura,
1041 853 1098 912 ‘et
1115 846 1337 929 privilegia'l

388 947 635 1026 ecclesiastica,
659 969 739 1013 eum
765 947 963 1012 solemniter
986 945 1268 1011 ‘sacramentis’2
1284 966 1338 1010 as·

386 1047 521 1111 trinxit.
574 1046 606 1111 A
624 1067 693 1130 quo
714 1047 933 1129 postmodum
952 1046 1028 1110 loco
1045 1046 1155 1129 patris
1175 1047 1226 1110 ita
1248 1046 1336 1111 colc-

386 1148 489 1210 batur
511 1153 550 1210 nt
576 1167 655 1210 cum
682 1147 741 1210 ille
765 1146 899 1210 caeteris
926 1146 1111 1228 imperaret
1139 1146 1183 1208 ab
1205 1164 1247 1208 eo
1269 1146 1336 1208 sibi

387 1246 549 1327 imperari
562 1245 801 1326 aequanimiter
809 1244 926 1308 ferret.
961 1243 1118 1325 Contigit
1135 1252 1251 1307 autem
1266 1263 1336 1308 una

318 1409 320 1412 .
388 1339 491 1407 ‘vice’
502 1341 513 1376 ³
524 1345 670 1408 eundem
683 1344 978 1426 archiepiscopum
994 1343 1029 1405 in
1044 1343 1192 1424 quadam
1205 1362 1335 1424 suape-

388 1443 510 1506 titione
533 1462 649 1524 aroge
667 1445 740 1524 pati
759 1443 946 1524 repulsam,
959 1442 1139 1523 iratusque
1155 1443 1333 1524 scapulam

388 1543 516 1605 avertit
539 1549 575 1606 et
604 1542 877 1607 maledictionem
899 1560 962 1622 pro
986 1541 1222 1605 benedictione
1244 1560 1336 1605 com-

389 1641 540 1704 minatus
562 1648 635 1717 est;
663 1640 763 1724 cujus
788 1640 895 1704 animi
918 1647 1049 1704 motum
1078 1659 1139 1703 rex
1169 1639 1243 1721 ipse
1266 1658 1335 1702 non

389 1740 562 1804 sustinens
589 1739 631 1802 ad
658 1739 762 1821 pedes
785 1741 861 1823 ejus
885 1739 1045 1820 procidit,
1059 1739 1196 1802 veniam
1221 1739 1335 1819 petiit,

389 1845 424 1901 et
451 1839 721 1904 satisfactionem
744 1839 949 1922 spopondit3
979 1857 1125 1919 cumque
1153 1838 1337 1919 optimates

389 1938 449 2019 qui
471 1937 614 2002 aderant
638 1939 823 2002 suaderent
841 1945 880 2001 ut
904 1956 1020 2018 regern
1042 1943 1255 2019 prostratum
1272 1937 1337 2000 eri·

388 2045 498 2116 geret,
510 2035 881 2118 respondit,“Sinite,’'
891 2035 1015 2118 inquit,
1026 2041 1049 2070 “
1058 2035 1279 2120 illumjacere
1290 2035 1333 2099 ad

389 2136 493 2216 pedes
506 2135 639 2200 Petri.''
669 2136 780 2200 Porro
789 2137 880 2200 idem
892 2154 956 2198 rex
968 2134 1167 2216 aStigando
1180 2134 1334 2199 Cantua·

389 2235 494 2298 riensi
509 2235 779 2317 archiepiscopo,
792 2243 830 2299 ut
845 2235 975 2298 dictum
991 2241 1057 2311 est,
1072 2234 1241 2311 irritatus,
1256 2253 1335 2297 cum

389 2333 510 2397 vitium
530 2333 756 2397 ordinationis
779 2353 851 2398 suae
875 2341 910 2397 et
926 2335 1008 2399 vitae
1034 2334 1201 2398 dedecora
1216 2342 1338 2415 postea

389 2433 622 2513 cognovisset,
636 2433 814 2497 honestam
828 2433 871 2497 de
884 2435 961 2517 ipso
973 2432 1083 2498 voluit
1097 2433 1222 2497 habere
1233 2434 1337 2497 ultio-

389 2551 477 2594 nem.
525 2529 726 2596 Accersitus
742 2535 831 2596 euim
849 2533 958 2596 literis
976 2533 1080 2613 regiis
1096 2533 1140 2597 ad
1152 2533 1333 2614 disponen-

389 2631 468 2694 dam
480 2632 659 2695 ecclesiam
675 2632 906 2712 Anglicanam
922 2631 1122 2714 apostolicae
1138 2632 1229 2696 sedis
1244 2633 1337 2712 lega·

226 2755 358 2804 Amineo„
389 2737 446 2794 tus
466 2729 663 2795 concilium⁴
683 2732 720 2794 in
740 2731 870 2813 Anglia
889 2732 1088 2808 celebravit,
1107 2733 1144 2795 in
1166 2752 1247 2813 quo,
1267 2731 1336 2794 Sti-

224 2807 368 2904 {iigeinssyffi}
389 2831 494 2910 gandi
508 2830 695 2894 sceleribus
710 2831 903 2913 patefactis,
916 2831 1165 2895 infructuosam
1180 2833 1336 2895 arborem

223 2906 306 2945 couucil
314 2906 339 2943 ci

224 2956 365 2994 wintune.
388 2930 518 2993 securis
535 2931 707 2994 canonicae
724 2931 1031 2998 animadversionis
1045 2930 1200 2996 succidit.

423 3157 472 3220 De
487 3157 636 3222 leocadio
651 3157 788 3222 Edonum
802 3166 830 3222 ct
844 3155 1032 3242 Sudjcciioco
1045 3157 1286 3222 Nomiumbriae.

224 3336 348 3374 roura.
439 3314 541 3379 Anno
559 3316 700 3379 Domini
724 3331 895 3378 umxvur.
919 3314 1014 3377 venit
1037 3333 1098 3376 rex
1124 3313 1275 3376 Eborum
1302 3322 1338 3378 et

386 3414 512 3478 ibidem
530 3414 598 3479 duo
615 3416 759 3479 castella
780 3414 941 3490 firmavit,
957 3413 1127 3494 rediitque
1151 3413 1196 3475 ad
1220 3421 1337 3494 partes

424 3666 432 3698 ¹
451 3669 564 3717 Omitted
581 3670 608 3717 in
620 3671 695 3721 MSS.
705 3669 770 3719 coll.
778 3670 849 3718 Arm.
876 3669 926 3716 and
936 3669 1022 3732 Peter,
1032 3683 1100 3718 were
1111 3674 1221 3730 present.
1247 3669 1272 3716 A
1284 3685 1340 3719 sen-

388 3740 438 3788 and
450 3739 516 3788 Cott.
528 3739 586 3788 Tib.
876 3744 947 3788 teuce
970 3740 999 3787 of
1014 3739 1156 3800 deposition
1181 3740 1231 3787 and
1253 3741 1339 3800 impri-

422 3821 433 3850 ι
449 3825 563 3873 Omitted
575 3825 601 3872 i„
616 3824 674 3874 MS·
687 3825 755 3874 eost·
764 3826 822 3875 Tib·
875 3813 1050 3889 sonmentwae
1061 3809 1155 3869 passed
1165 3810 1265 3889 against
1275 3815 1341 3890 most

421 4011 509 4062 4Τ1ιίε
530 4013 631 4062 couucil
653 4027 708 4062 was
736 4013 796 4062 held
824 4019 851 4062 at
874 4016 1030 4078 reproached
1043 4018 1103 4066 with
1123 4031 1173 4078 any
1181 4018 1301 4066 violation
1313 4019 1342 4066 oi

387 4084 545 4133 Winchester
562 4084 588 4131 in
605 4086 678 4146 loto,
700 4083 785 4132 where
808 4085 849 4132 the
874 4087 916 4134 the
940 4101 1042 4136 canons.
1106 4087 1267 4147 Archbishop
1290 4089 1339 4136 sti-

387 4154 481 4212 Pope's
491 4154 588 4216 legates
596 4153 744 4214 Erment‘roy
754 4154 850 4215 Bishop
875 4157 951 4218 gand,
971 4155 1098 4218 however,
1115 4157 1221 4205 affected
1240 4157 1281 4205 his
1299 4173 1338 4206 es·

385 4221 415 4269 of
422 4222 524 4286 Sieuna,
531 4223 581 4272 aud
592 4223 634 4272 the
645 4224 773 4274 cardinale
780 4224 850 4274 John
875 4241 947 4288 cape,
959 4226 1010 4275 and
1021 4226 1071 4276 fied
1082 4231 1109 4275 to
1117 4226 1247 4277 Scotland.
