3128 4992
415 444 459 510 80
789 463 997 511 cuuorucou

261 631 395 721 ἵιιιιξιῧθιὸῐ.
415 635 554 681 suorum
578 618 662 693 erui,
684 617 751 681 nisi
779 617 855 702 ejus
873 617 1010 702 jussum
1031 617 1132 680 citius
1154 617 1364 699 impleretur,

251 765 401 814 ,mmm
415 716 507 797 quod
522 716 573 781 illi
586 717 745 780 timentes
759 716 979 781 reddiderunt
993 724 1157 782 castrum.

251 815 321 854 carue
334 825 379 855 sur.

251 865 344 904 ΝΜ·
466 883 616 961 Quomodo
631 884 742 968 roserat
758 883 826 946 Rex
840 883 1074 947 Nemausiens
1088 904 1110 946 a
1126 884 1246 948 Fratre
1259 905 1313 948 sao
1372 967 1380 980 .

822 981 962 1045 lieberto.
1100 981 1102 988 ¹

253 1141 382 1189 sonaim,
465 1114 595 1178 Eodem
617 1134 708 1178 anno
732 1129 859 1177 usca
885 1113 1046 1177 Urbanus
1079 1131 1172 1195 papa
1204 1115 1362 1178 venitin

249 1193 371 1281 diadinae
415 1211 579 1290 Galliam,
603 1221 638 1277 et
662 1214 698 1277 iu
724 1212 998 1294 Quadragesima
1017 1221 1209 1276 convocata
1229 1214 1362 1297 synodo

248 1291 363 1330 ⁰¹⁰¹¹¹¹⁰¹¹“
415 1319 451 1374 et
485 1313 577 1393 apud
611 1312 917 1376 Clarum-montem
953 1310 1138 1387 celebrata,
1185 1307 1361 1392 negotium

415 1411 532 1474 Terrae
548 1410 686 1475 Sanctae
700 1411 881 1492 diligenter
899 1412 1071 1492 exposuit,
1086 1410 1228 1474 hortans
1244 1411 1360 1476 Chris-

414 1508 536 1573 ticolas
556 1511 735 1574 universos
758 1518 806 1574 ut·
822 1510 948 1574 Christi
972 1511 1160 1573 imitatores
1187 1509 1296 1574 effecti
1316 1512 1359 1575 ad

249 1619 307 1710 siff·
350 1641 358 1649 -
414 1609 558 1672 Terram
588 1609 761 1686 Sanctam,
791 1629 894 1691 quam
924 1609 1062 1691 proprio
1083 1609 1250 1690 sanguine
1279 1630 1360 1673 con-

413 1710 571 1784 secravit,
601 1709 644 1772 ad
673 1709 913 1772 vindicandam
942 1709 1048 1788 ipsius
1076 1708 1254 1789 sanguinis
1277 1710 1361 1772 effu·

411 1807 542 1870 sionem
564 1815 600 1871 et
626 1808 733 1890 ipsius
755 1807 872 1872 Terrae
896 1807 1032 1871 Sanctae
1056 1809 1360 1888 recuperationem,

411 1907 716 1988 proficiscerentur.
782 1906 839 1971 Ad
875 1906 974 1990 cujus
1012 1907 1185 1970 hortatum
1216 1927 1360 1988 magna·

411 1997 485 2070 tum
514 2006 630 2089 plures
666 2013 701 2070 et
736 2007 885 2089 populus
920 2014 1022 2071 terrae
1058 2006 1188 2070 multus
1224 2027 1360 2071 erucem

412 2107 610 2190 assumpsit,
631 2107 721 2171 inter
742 2125 828 2188 quos
852 2106 1026 2170 Robertus
1049 2125 1162 2170 comes
1186 2107 1359 2171 Norman-

411 2207 478 2269 niee
493 2214 622 2270 sanctae
644 2207 755 2271 crucis
777 2206 973 2270 charactere
994 2205 1177 2285 insignitus
1191 2213 1268 2282 est;
1296 2207 1359 2270 mi·

411 2305 524 2386 sitque
533 2305 675 2369 nuncios
690 2306 735 2368 ad
749 2325 865 2386 regem
879 2304 1091 2368 Willelmum
1105 2305 1245 2369 fratrem
1260 2325 1360 2369 suum

411 2403 578 2468 nuncians
607 2405 638 2467 ei
660 2405 872 2486 propositum
894 2404 970 2480 hoc,
993 2412 1027 2467 et
1049 2405 1148 2486 petiit
1169 2411 1208 2468 ut
1229 2406 1360 2487 absque

412 2503 612 2585 repetitione
626 2503 772 2588 alicujus
791 2503 936 2588 injuriae,
950 2504 1183 2584 redintegrata
1196 2505 1286 2568 inter
1301 2525 1359 2568 eos

248 2627 312 2666 nn.
325 2629 382 2666 rore.
413 2621 498 2684 pace
524 2603 633 2680 firma,
663 2611 835 2668 mutuaret
859 2604 924 2667 sibi
948 2604 1066 2667 decern
1085 2603 1193 2668 millia
1225 2624 1358 2669 marca·

413 2701 507 2764 rum¹
523 2703 657 2784 argenti
676 2711 716 2767 ut
737 2704 910 2785 inceptrun
932 2711 1049 2785 posset
1070 2703 1257 2786 adimplere
1278 2724 1357 2786 pro-

249 2825 328 2864 rsas
338 2826 401 2864 mos
413 2802 572 2883 positum,
585 2810 620 2867 et
633 2803 700 2866 sibi
715 2802 964 2867 Normanniam
978 2801 1054 2867 loco
1068 2803 1219 2885 pigneris
1234 2803 1357 2866 libera-

247 2875 402 2984 {ididiae
413 2908 477 2964 ret.
534 2901 738 2983 Placuitque
766 2903 831 2965 iste
859 2921 971 2966 sermo
999 2903 1084 2984 regi,
1114 2910 1149 2967 et
1178 2921 1261 2967 mox
1283 2903 1358 2986 ejus

247 2974 312 3024 ΚΜ
412 3000 570 3081 petitioni
590 3002 788 3066 satisfacere
824 3002 988 3083 gestiens,
1016 3002 1141 3066 indixit
1170 3003 1358 3085 majoribus

411 3098 552 3181 Angliae
586 3109 626 3164 ut
660 3101 894 3183 unusquisque
923 3120 1041 3165 eorum
1070 3102 1135 3165 sibi
1163 3121 1226 3183 pro
1258 3120 1358 3183 posse

410 3201 607 3282 ‘pecuniam
616 3199 639 3236 '²
652 3207 835 3276 mutuaret,
851 3208 886 3264 et
905 3200 969 3264 boc
984 3201 1196 3268 festinanter.
1248 3200 1357 3285 Cujus

409 3299 459 3362 rei
480 3319 585 3364 causa
607 3301 768 3384 episcopi,
791 3299 959 3377 abbates³
982 3301 1166 3364 abbatissae
1193 3318 1299 3364 aurea
1324 3308 1359 3364 et

409 3407 573 3481 argentea
595 3401 748 3465 ecclesiae
769 3407 971 3464 ornamenta
989 3399 1175 3481 fregerunt,
1191 3407 1227 3462 et
1248 3400 1284 3462 in
1299 3420 1357 3482 pe·

408 3501 545 3564 cuniam
567 3500 780 3580 redigentes:
813 3499 955 3562 comites
978 3519 1060 3563 vero
1086 3507 1121 3564 et
1150 3500 1296 3563 barones
1322 3507 1357 3562 et

408 3599 524 3662 caeteri
546 3606 726 3679 magnates
748 3605 849 3661 terrae
872 3598 1025 3662 homines
1048 3605 1082 3662 et
1102 3598 1257 3662 subditos
1276 3617 1356 3662 suos

333 3722 337 3727 ¹
408 3696 652 3777 spoliaverunt,
675 3705 710 3770 et
732 3697 806 3777 regi
827 3697 1027 3760 immensam
1049 3697 1230 3768 deferendo
1253 3711 1359 3780 pecu*

409 3795 501 3857 niam
523 3795 727 3877 placuerunt
746 3816 824 3858 eum
846 3797 882 3859 in
906 3798 1103 3860 muneribus
1126 3798 1219 3872 saie,
1244 3805 1356 3861 trans-

408 3893 539 3976 ivitque
552 3896 589 3959 in
605 3895 854 3962 Normanniam
870 3917 987 3960 mense
1003 3897 1213 3979 Septembris
1224 3904 1258 3960 et
1273 3915 1358 3979 pace

436 4066 554 4169 'snoger
575 4106 607 4156 de
629 4106 771 4156 Weudover
794 4105 869 4155 reads
930 4101 1087 4165 ⁸‘priores'
1111 4104 1222 4154 inserted
1251 4105 1277 4152 in
1300 4104 1359 4154 MS.

406 4177 507 4239 prande.
590 4173 592 4178 '
770 4217 772 4223 .
896 4174 963 4226 nott.
975 4175 1033 4224 Tib.

454 4242 464 4273 ²
480 4245 593 4293 Omitted
603 4245 630 4293 iu
642 4245 699 4294 MS.
711 4243 777 4293 Gott.
787 4244 843 4292 Tib.
