3130 4990
389 476 456 542 286
756 489 965 538 cneorucou

238 664 365 754 {⁸3⁰1ffi·
391 657 521 713 sanctae
537 649 658 712 matris
673 646 828 710 ecclesiae
844 653 1113 728 sequestramus,
1129 665 1248 710 omnes
1263 647 1343 712 illos

229 741 451 831 -'··'-·³·qui
467 748 592 812 amodo
618 747 765 811 scienter
790 753 825 809 et
846 745 1018 809 malitiose
1038 745 1202 810 ecclesias
1228 747 1344 827 priva-

391 847 505 912 verint
518 847 575 911 vel
592 846 817 928 spoliaverint
833 863 896 908 suo
909 844 1009 927 jure:
1033 845 1116 908 item
1128 864 1247 908 omnes
1262 844 1342 908 illos

393 948 453 1028 qui
481 946 734 1011 ecclesiasticas
762 943 942 1007 libertates
966 943 1022 1006 vel
1050 945 1212 1026 antiquas
1243 946 1343 1025 regni

393 1044 659 1110 consuetudines
678 1044 901 1126 approbatas,
917 1033 952 1106 et
968 1043 1144 1124 praecipue
1162 1042 1342 1107 libertates
1377 1038 1399 1092 5

393 1152 428 1209 et
439 1146 565 1208 liberas
578 1142 842 1208 consuetudines
856 1161 933 1224 quae
944 1142 979 1204 in
993 1142 1098 1205 cartis
1111 1142 1343 1206 communium

392 1245 591 1308 libertatum
612 1251 648 1307 et
666 1243 709 1305 de
728 1243 857 1305 foresta
875 1241 1105 1318 continentur,
1126 1241 1298 1305 concessis
1321 1261 1343 1304 a

392 1343 531 1408 domino
546 1363 637 1423 rege,
659 1341 937 1422 archiepiscopis,
957 1340 1140 1422 episcopis,
1156 1348 1191 1404 et
1208 1341 1344 1404 caeteris

393 1440 531 1522 Angliae
549 1441 714 1524 praelatis,
730 1441 923 1514 comitibus,
944 1439 1143 1515 baronibus,
1156 1439 1343 1518 militibus,

393 1547 428 1604 et
449 1541 556 1604 libere
581 1535 789 1615 tenentibus,
812 1557 1017 1620 quacunque
1034 1546 1108 1602 arte
1125 1539 1182 1602 vel
1204 1539 1399 1620 ingeniolo

393 1639 609 1716 violaverint,
636 1637 849 1720 infregerint,
872 1638 1103 1714 diminuerint,
1129 1655 1190 1701 seu
1218 1638 1343 1700 immu-

393 1738 556 1814 taverint,
581 1739 669 1801 clam
689 1738 745 1801 vel
767 1737 895 1819 palam,
917 1737 1023 1812 facto,
1046 1739 1163 1812 verbo,
1186 1737 1243 1801 vel
1265 1756 1345 1800 con-

394 1837 483 1914 silio,
498 1845 621 1902 contra
646 1837 725 1900 illas
743 1836 799 1901 vel
816 1855 934 1899 carum
959 1836 1109 1918 aliquam
1131 1837 1167 1898 in
1190 1855 1345 1918 quocun·

394 1956 461 2019 que
485 1937 631 2000 articulo
657 1948 784 2000 temere
805 1935 993 1999 veniendo:
1018 1935 1098 1999 item
1124 1955 1241 1998 omnes
1264 1935 1345 2000 illos

394 2036 454 2116 qui
493 2043 612 2100 contra
650 2035 729 2100 illas
767 2035 821 2099 vel
863 2055 980 2099 earum
1017 2034 1169 2116 aliquam
1210 2036 1399 2098 statuta15

394 2133 570 2217 ‘aliqua'¹
597 2134 766 2198 ediderint
793 2133 848 2197 vel
877 2133 969 2196 edita
999 2135 1225 2210 servaverint,
1255 2140 1313 2197 ‘et
1324 2133 1345 2168 '¹

394 2233 658 2298 consuetudines
683 2233 950 2310 introduxerint,
973 2233 1028 2296 vel
1055 2233 1270 2297 servaverint
1292 2233 1345 2296 in-

395 2332 585 2409 troductas,
601 2333 786 2413 scriptores
803 2338 1024 2408 statutorum,
1039 2351 1173 2395 necnon
1197 2331 1347 2394 ‘consil-

394 2428 558 2494 iatores’²
587 2437 623 2494 et
649 2437 864 2508 executores,
889 2429 974 2494 ‘et’¹
1003 2430 1063 2513 qui
1090 2430 1278 2495 secundum
1303 2450 1346 2494 ea

392 2531 674 2612 praesumpserint
702 2530 878 2613 judicare:
903 2531 971 2611 ·qui
1003 2550 1122 2594 omnes
1151 2537 1187 2593 et
1216 2531 1400 2610 singuline

393 2631 551 2711 superius
570 2631 750 2694 memorati
765 2629 853 2693 hanc
869 2631 1074 2692 sententiam
1092 2631 1292 2694 incursuros
1307 2649 1345 2692 se

394 2731 551 2792 noverint
576 2729 652 2810 ipso
672 2729 765 2792 facto
788 2731 847 2811 qui
879 2729 1026 2792 scienter
1049 2728 1178 2811 aliquid
1202 2728 1344 2792 commi-

394 2828 500 2890 serint
510 2827 552 2890 de
561 2828 755 2907 praedictis;
775 2829 835 2908 qui
846 2847 929 2891 vero
943 2828 1156 2909 ignoranter,
1167 2828 1231 2890 nisi
1248 2846 1344 2890 com-

394 2925 515 2988 moniti
529 2925 619 2988 inira
634 2926 841 3007 quindenam
858 2946 880 2990 a
897 2933 1052 3008 tempore
1068 2926 1345 2990 commonitionis

393 3043 432 3086 se
449 3026 662 3088 correxerint
676 3033 710 3088 et
727 3026 870 3089 arbitrio
888 3025 1136 3090 ordinariorum
1153 3025 1344 3089 ‘satisfece-
1358 3029 1399 3087 25

392 3115 499 3188 rint'³
523 3124 566 3188 de
598 3125 801 3203 commissis
828 3130 957 3188 extunc
985 3125 1055 3189 sint
1077 3125 1142 3189 hac
1171 3125 1344 3188 sententia

392 3222 560 3288 involuti:
583 3225 702 3288 eadem
717 3223 820 3287 etiam
838 3224 1009 3288 sententia
1025 3224 1230 3289 innodamus
1248 3223 1344 3287 ‘illos

394 3320 556 3405 quiqui'⁴
589 3343 710 3406 pacem
740 3323 833 3404 regis
864 3331 899 3386 et
932 3323 1029 3404 regni
1062 3323 1345 3406 praesumpserint

393 3423 606 3503 perturbare.
646 3422 689 3486 In
705 3422 805 3506 cujus
820 3422 870 3485 rei
885 3422 1083 3487 memoriam
1098 3422 1343 3504 sempiternam

394 3539 457 3585 nos
472 3521 572 3603 signa
586 3529 704 3586 nostra
721 3521 905 3585 ‘duximus
914 3517 943 3555 '⁵
960 3512 1193 3603 apponenda.⁶
1359 3531 1399 3588 30

430 3755 437 3785 ¹
454 3755 576 3804 Omitted.
879 3762 911 3807 37
923 3758 991 3807 Heu.
1001 3757 1055 3807 111.
1070 3773 1102 3807 m.
1124 3763 1165 3808 12.
1181 3759 1266 3821 dorso,
1282 3774 1312 3808 as
1324 3761 1346 3809 it

426 3821 438 3855 ²
452 3824 646 3874 ‘consiliarios'
878 3828 1018 3877 elucidatss
1029 3829 1126 3876 several
1133 3841 1257 3890 passages
1268 3829 1346 3878 inthe

424 3892 542 3956 ⁸‘plene
554 3894 738 3944 satisfecerint?
878 3898 957 3946 above
977 3897 1100 3946 sentence
1118 3898 1149 3947 of
1163 3899 1346 3947 Excomrnuni-

425 3963 435 3997 ⁴
452 3965 553 4014 ‘omnes
565 3965 623 4014 illos
634 3965 697 4026 qui!
878 3968 963 4016 cation
973 3966 1109 4016 otherwise
1120 3967 1186 4016 dark
1194 3967 1245 4016 aud
1254 3969 1347 4018 almost

424 4033 435 4064 ⁶
451 4035 635 4096 ‘praesentibus
646 4034 786 4085 duximus?
878 4036 1060 4097 inexplicable.

424 4102 504 4154 “The
521 4105 652 4167 following
662 4109 759 4165 protest
769 4106 792 4154 is
810 4109 853 4153 not
913 4106 930 4134 ‘⁴
940 4107 1064 4154 Noverint
1081 4105 1195 4154 universi
1213 4106 1283 4166 quod
1300 4106 1346 4155 do-

389 4174 464 4235 given
482 4175 508 4221 in
521 4174 731 4236 Hemingburgh:
749 4176 769 4222 it
780 4176 803 4223 is
814 4175 852 4222 in·
878 4178 962 4224 minus
982 4175 1111 4224 Henricus
1130 4190 1177 4223 rex
1194 4175 1298 4237 Angliae
1315 4175 1347 4223 il·

389 4243 472 4291 serted
488 4242 557 4305 here,
576 4244 638 4292 from
656 4244 699 4294 tbe
717 4245 774 4293 Ret.
794 4245 853 4296 Pat.
876 4246 975 4306 lustris,
995 4245 1026 4295 Β.
1045 4259 1130 4294 comes
1153 4245 1303 4293 Norffolciae
1321 4249 1347 4294 et
