3132 4988
402 513 468 578 300
768 529 976 576 cuaomcou

243 701 392 791 Aflgqquq
403 704 468 767 pus
488 692 636 763 mortuo,
653 682 849 748 Willelmus
876 703 991 748 comes
1016 682 1353 748 Holandiae¹'denuo

243 779 390 867 Q-
404 791 526 848 contra
552 785 665 867 ipsum
691 784 832 865 eligitur
852 786 896 847 ab
916 782 1044 846 eisdem
1072 783 1294 865 principibus
1317 792 1354 848 et

242 886 356 985 ἓξὲξ.
403 884 458 947 hio
473 884 578 966 paulo
593 891 673 966 post
687 904 709 947 a
727 884 927 947 Frisonibus
942 883 1126 962 occiditur3
1145 889 1180 946 et
1193 884 1243 945 sic
1258 890 1352 946 uter-

404 1002 471 1066 que
485 984 616 1046 electus
638 982 875 1046 benedictione
899 982 1010 1045 caruit
1035 981 1216 1063 imperiali.
1270 982 1352 1046 Fre

403 1082 540 1146 doricus
567 1082 703 1164 quidem
732 1087 813 1162 post
839 1100 937 1144 suam
966 1082 1010 1144 ab
1036 1081 1179 1162 imperio
1206 1081 1352 1146 destitu-

403 1181 532 1244 tionem
555 1201 632 1244 cum
658 1181 748 1244 inter
771 1187 915 1244 caeteras
943 1181 1103 1245 civitates
1133 1179 1351 1244 Lumbardiae

404 1279 623 1343 ‘Parmam’2
653 1287 818 1362 tanquam
849 1279 959 1360 magis
991 1279 1150 1342 exosam
1172 1279 1237 1342 sibi
1272 1279 1353 1344 forti

403 1398 506 1442 manu
527 1380 710 1455 obsideret,
728 1398 750 1441 a
765 1379 883 1459 legato
898 1378 1026 1442 domini
1043 1397 1143 1460 papae
1159 1385 1204 1460 et
1217 1397 1239 1440 a
1262 1379 1349 1442 Par-

402 1479 576 1541 mensihns
608 1486 662 1541 est
687 1479 854 1554 devictus,
879 1485 936 1542 ‘et
962 1478 1095 1541 amissis
1120 1477 1290 1541 thesauris
1315 1485 1352 1542 et

403 1576 480 1640 aliis
504 1579 606 1641 rebus
627 1577 711 1654 suis,
734 1577 770 1640 in
790 1574 955 1659 Apuliam
980 1577 1126 1654 rediens,
1142 1578 1242 1657 gravi
1255 1576 1350 1640 infir·

402 1676 522 1739 mitate
537 1683 714 1757 correptus
737 1683 802 1753 est,
819 1683 854 1740 et
876 1677 945 1740 cito
966 1673 1184 1739 defunctus'³
1236 1676 1350 1738 Mam-

403 1773 519 1838 fredus
553 1782 669 1840 autem
697 1776 788 1839 filius
814 1775 890 1858 ejus
904 1776 906 1782 '
921 1776 1075 1839 ambiens
1102 1775 1200 1855 regni
1224 1773 1350 1838 Siciliae

402 1873 588 1938 dominium
605 1883 640 1939 et
664 1875 843 1939 thesauros
857 1875 977 1956 ipsiuS,
995 1875 1146 1952 tandem,
1163 1893 1240 1937 cum
1263 1873 1354 1936 diffn

403 1973 533 2037 cultata
545 1982 672 2051 tamen,
682 1975 796 2056 ipsum
808 1993 951 2055 regnum
967 1974 1129 2049 obtinuit,
1140 1973 1349 2056 retinuitque

404 2090 585 2155 quousque
623 2073 769 2137 Carolus
802 2073 910 2136 frater
948 2073 1040 2153 regis
1080 2072 1238 2136 Franciae
1267 2075 1351 2135 tunc

403 2190 519 2235 comes
544 2172 738 2236 Provinciae
756 2191 819 2254 per
840 2171 974 2254 papam
988 2172 1169 2237 Urbanum
1187 2174 1349 2253 quartum

402 2277 559 2347 vocatus,
582 2278 618 2335 et
643 2272 708 2334 sub
734 2289 826 2353 papa
851 2270 1028 2334 Clemente
1055 2277 1179 2352 quarto
1209 2271 1350 2334 veniens

402 2367 513 2449 ipsum
531 2369 760 2434 Mamfredum
780 2372 854 2434 vita
869 2377 904 2433 et
928 2390 1036 2451 regno
1052 2368 1228 2453 privavit.⁴
1279 2370 1352 2434 Hic

404 2465 607 2537 Fredericus
623 2471 667 2533 ab
681 2466 844 2550 Augusto
858 2470 968 2551 primo
991 2469 1234 2551 nonagesimus
1249 2469 1349 2550 quin·

402 2573 459 2630 tus
485 2567 551 2632 fuit
576 2569 783 2651 imperator:
807 2576 842 2632 et
868 2576 948 2650 post
974 2588 1051 2632 eum
1079 2569 1217 2633 vacavit
1242 2569 1348 2652 impe·

401 2667 489 2728 rium
520 2669 692 2748 usquein
719 2687 893 2749 praesens:
926 2667 1001 2749 ipse
1027 2667 1130 2731 etiam
1158 2667 1304 2731 Carolus
1327 2688 1349 2731 a

401 2783 508 2845 regno
541 2762 685 2829 Siciliee⁶
722 2786 783 2849 per
818 2786 934 2850 regem
973 2758 1193 2848 Aragonum⁶
1226 2777 1347 2848 postea

400 2862 554 2946 dejectus
569 2872 635 2941 est,
651 2871 687 2928 et
707 2865 742 2928 in
761 2864 879 2946 fugam
896 2885 1026 2930 versus.
1059 2871 1061 2878 “
1080 2865 1124 2929 10
1150 2867 1350 2956 supradicto

399 2961 544 3025 concilio
584 2962 807 3044 Lugdunensi
839 2964 977 3047 quidam
1016 2964 1168 3048 episcopi
1204 2985 1349 3048 quorum

400 3059 530 3141 primus
546 3062 663 3127 extitit
679 3063 854 3128 Robertus
880 3064 1082 3128 Groseteste
1099 3064 1350 3128 Lincolniensis

400 3160 583 3243 episcopus
600 3163 673 3226 suis
691 3163 882 3228 rationibus
900 3170 935 3227 et
951 3164 1216 3244 allegationibus
1231 3163 1349 3228 multis

439 3373 445 3404 ¹
462 3379 524 3429 This
543 3385 619 3429 count
639 3395 693 3429 was
715 3380 811 3430 elected
828 3381 863 3442 by
922 3377 933 3408 ⁹
948 3381 1011 3442 ‘per
1020 3379 1106 3444 viam‚'
1117 3379 1174 3430 MS.
1186 3379 1253 3431 Cott.
1264 3381 1321 3430 Tib.

399 3447 442 3497 the
453 3449 523 3498 three
531 3450 687 3499 ecclesiastic
698 3451 804 3500 electors
812 3453 862 3500 ond
922 3448 934 3482 ⁸
950 3450 1064 3500 Omitted
1075 3445 1101 3499 ih
1114 3451 1170 3499 MS.
1183 3449 1248 3499 Ooll.
1262 3450 1334 3500 Arm.

400 3517 471 3567 other
487 3524 625 3582 magnates,
636 3521 683 3569 but
696 3521 804 3569 without
820 3521 863 3569 the
918 3518 929 3550 ⁴
945 3519 1074 3582 Manfred,
1087 3521 1187 3569 natural
1204 3533 1250 3568 son
1265 3520 1295 3568 oi
1307 3521 1350 3568 the

401 3592 505 3637 consent
515 3588 543 3635 oi
555 3589 597 3636 the
613 3589 669 3638 four
684 3590 734 3637 laic
746 3590 862 3652 electore,
887 3604 1011 3653 emperor,
1037 3590 1088 3638 and
1113 3590 1184 3652 King
1209 3587 1239 3638 ol'
1261 3589 1350 3650 Sicily,

401 3656 601 3718 atWeringhen,
617 3671 678 3706 near
694 3658 816 3719 Cologne,
830 3674 862 3707 on
887 3660 952 3708 elain
969 3664 995 3708 at
1013 3659 1162 3721 Grandellc,
1178 3675 1211 3708 on
1229 3659 1272 3706 the
1289 3659 1351 3708 26110

400 3725 505 3785 Sunday
523 3725 565 3773 the
584 3726 642 3774 29111
662 3727 691 3774 os
707 3726 862 3790 September,
887 3729 915 3776 oi
924 3729 1063 3790 February,
1075 3733 1148 3778 1266.

401 3796 474 3854 1247,
497 3794 547 3841 and
574 3796 692 3843 crowned
713 3800 740 3842 at
761 3795 862 3844 Aix-la-
921 3795 1055 3847 'charles
1067 3798 1090 3847 1.
1098 3798 1127 3846 01
1135 3796 1351 3859 Sicily,crowned

400 3862 522 3924 Chapelle
530 3877 562 3912 on
572 3862 614 3911 the
624 3867 663 3911 lst
673 3863 702 3912 oi
710 3864 863 3927 November,
886 3865 949 3928 king
964 3867 982 3915 J
984 3882 1080 3928 anuary
1097 3871 1123 3930 6,
1139 3871 1213 3929 1266,
1230 3867 1290 3915 died
1303 3866 1321 3914 J
1323 3881 1350 3914 a·

401 3935 474 3995 1248,
482 3932 523 3982 his
533 3933 588 3982 title
598 3933 675 3994 being
681 3933 815 3982 confirmed
827 3936 861 3996 by
886 3950 965 3997 nuary
978 3940 1088 3996 7,1286.

401 4001 473 4063 Pope
484 4002 606 4051 Innocent
620 4002 685 4051 aiter
694 4003 737 4052 the
747 4003 823 4052 death
836 4005 865 4052 oi
920 4001 931 4034 ⁶
965 4005 1043 4055 Peter
1078 4005 1132 4054 111.
1164 4005 1194 4053 of
1226 4005 1351 4066 Arragon,

401 4071 789 4135 FredericinDeoember,1250.
818 4073 861 4122 He
886 4076 1003 4123 crowned
1023 4075 1093 4137 King
1111 4075 1139 4123 oi
1157 4075 1238 4134 Sicily
1257 4074 1291 4135 by
1308 4074 1351 4122 the

400 4142 555 4201 perishedin
569 4157 602 4190 an
615 4149 780 4204 engagement
794 4143 857 4191 with
885 4144 940 4192 title
962 4145 991 4192 oi
1011 4145 1089 4193 Peter
1110 4145 1132 4194 1.
1156 4144 1303 4205 September
1325 4148 1351 4204 2,

399 4209 443 4258 the
455 4210 645 4260 Friezelanders
659 4228 691 4261 on
707 4213 864 4262 marathos
885 4216 958 4277 1282,
981 4214 1031 4263 and
1058 4214 1118 4263 died
1141 4213 1286 4262 November
1308 4217 1350 4274 lo,

399 4278 524 4341 January,
536 4284 608 4328 1256.
886 4285 958 4332 1285.
