3134 4990
390 521 560 569 wnnvsm
586 523 939 570 nnunurneauneu.
1071 509 1137 574 273

186 671 242 734 vel
257 691 278 736 a
293 676 434 756 capitali
454 678 645 761 justitiario
667 685 787 742 nostro
809 678 981 761 quomodo
1002 681 1135 744 merca·
1161 693 1287 784 {effi

157 777 160 784 '
188 777 280 858 tores
302 781 403 838 terrae
425 784 553 840 nostrae
576 785 769 842 tractentur
794 777 853 858 qui
875 784 957 841 tunc
981 777 1134 843 ‘inveni-
1148 797 1301 875 ff

190 870 315 934 eutur'¹
342 875 378 937 in
407 874 552 939 ‘terra'²
578 884 699 940 contra
732 897 796 940 nos
822 878 1003 958 guerriua3
1040 886 1076 942 et
1103 879 1134 942 si
1148 876 1233 922 Μ·

189 972 298 1034 nostri
334 974 423 1036 salvi
456 976 526 1038 sint
557 975 616 1052 ibi,
651 976 711 1039 alii
747 976 837 1040 salvi
868 977 936 1040 sint
966 977 1003 1041 in
1041 984 1137 1042 terra

152 1072 314 1133 5nostra.
367 1072 405 1135 Si
422 1074 498 1153 quis
516 1074 665 1138 tenuerit
679 1073 722 1138 de
742 1075 860 1156 aliqua
879 1084 1028 1152 escaeta
1044 1078 1134 1142 sicut

186 1166 228 1230 de
270 1168 399 1235 honore
441 1172 709 1254 Wallingeford,
750 1175 918 1250 Boloniae,
962 1175 1132 1258 Notinge-

183 1264 275 1344 ham,
308 1269 533 1348 Lancastriae,
563 1271 620 1336 νε]
650 1273 715 1335 ‘de
743 1270 853 1335 aliis'³
880 1282 1066 1353 quaesunt
1095 1275 1131 1338 in

184 1384 287 1430 manu
310 1378 436 1450 nostre,
461 1377 496 1434 et
521 1371 591 1434 sint
614 1371 778 1447 baroniae,
800 1381 835 1436 et
861 1373 995 1449 obierit,
1020 1373 1130 1436 haeres

183 1463 259 1546 ejus
289 1487 358 1530 non
389 1469 449 1532 det
481 1469 574 1558 aliud
606 1470 769 1532 relevium
801 1489 863 1532 nec
894 1469 1002 1534 faciat
1033 1471 1130 1538 nobis

130 1569 170 1627 10
183 1562 277 1627 aliud
309 1566 488 1630 servitium
521 1586 626 1649 quam
650 1567 778 1631 faceret
798 1568 920 1632 baroni
945 1569 976 1630 si
1004 1568 1131 1650 ‘ipsa'⁴

184 1670 275 1726 esset
306 1663 342 1727 in
378 1685 482 1729 manu
519 1667 670 1742 baronia,
702 1673 738 1729 et
769 1685 833 1730 nos
872 1666 990 1731 eodem
1028 1669 1130 1732 modo

184 1761 425 1827 ‘tenebimus'⁵
447 1785 516 1847 quo
535 1767 619 1829 baro
644 1784 720 1829 eam
740 1767 868 1840 tenuit;
902 1785 965 1830 nec
989 1787 1051 1830 nos
1071 1788 1130 1832 oc-

183 1862 319 1925 casione
335 1863 415 1926 talis
436 1861 587 1928 baroniae
604 1864 660 1928 vel
675 1872 820 1928 escaetae
842 1864 1043 1928 habebimus
1065 1867 1129 1930 ali·-

183 1978 287 2039 quam
310 1961 482 2026 escaetam
504 1964 560 2027 vel
586 1964 777 2027 custodiam
801 1964 994 2046 aliquorum
1018 1966 1129 2028 homi-

130 2064 169 2120 15
183 2077 265 2122 num
295 2069 489 2126 nostrorum
518 2063 584 2127 nisi
613 2064 694 2126 alibi
725 2063 874 2126 tenuerit
902 2064 944 2126 de
969 2065 1067 2127 nobis
1092 2066 1128 2128 in

181 2159 295 2240 capite
324 2161 382 2224 ille
414 2161 474 2243 qui
508 2163 619 2225 tenuit
651 2163 830 2226 baroniam
858 2163 912 2226 νε]
944 2171 1126 2227 escaetam.

182 2255 312 2322 Nullus
335 2260 422 2324 liber
447 2261 551 2324 homo
569 2262 611 2324 de
634 2268 758 2327 caetero
778 2261 837 2325 det
858 2262 1005 2343 amplius
1024 2262 1128 2327 alicui

181 2356 236 2419 vel
264 2357 393 2423 vendat
421 2359 464 2424 de
498 2368 590 2423 terra
623 2380 686 2424 sua
714 2361 819 2442 quam
847 2368 888 2424 ut
918 2361 960 2424 de
989 2362 1127 2426 residuo

179 2460 280 2520 terrae
308 2477 381 2521 suae
406 2459 516 2540 possit
542 2459 750 2524 sufficienter
775 2460 848 2523 fieri
873 2459 1011 2524 dominu
1036 2460 1127 2524 feodi

127 2559 167 2616 20
180 2556 357 2619 servitium
386 2559 418 2620 ei
446 2559 597 2622 debitum
627 2559 718 2640 quod
747 2559 896 2640 pertinet
919 2559 963 2622 ad
988 2559 1126 2622 feodum

179 2653 275 2716 illud.
342 2656 470 2719 Omnes
499 2659 636 2738 patroni
665 2659 880 2721 abbatiarum
914 2658 974 2739 qui
1000 2657 1127 2722 babent

180 2761 296 2816 cartas
326 2774 446 2836 regum
471 2753 609 2837 ‘Angliae
638 2757 680 2820 de
706 2757 931 2821 advocatione
957 2756 1013 2820 vel
1039 2759 1126 2821 anti·

180 2869 283 2931 quam
304 2859 463 2918 tenuram
485 2856 540 2918 vel
558 2856 822 2937 possessionem,
844 2856 994 2920 habeant
1009 2876 1127 2920 earum

179 2952 373 3016 custodiam
396 2974 475 3017 cum
499 2956 712 3030 vacaverint,
734 2957 825 3020 sieut
848 2955 974 3036 habere
1002 2955 1128 3020 debent

127 3055 166 3112 25
180 3057 214 3112 et
225 3050 314 3114 sicut
332 3044 483 3134 ‘supra'⁶
498 3053 707 3117 declaratum
721 3061 782 3116 est.
828 3053 958 3116 Nullus
970 3055 1128 3134 capiatur

179 3147 277 3211 ‘vel'l
303 3151 547 3233 imprisonetur
569 3159 709 3236 propter
729 3152 903 3233 appellum
926 3153 1061 3215 semiuae
1085 3153 1128 3216 de

178 3255 290 3312 morte
310 3251 452 3314 alterius
468 3270 571 3332 quam
588 3252 653 3314 viri
672 3252 738 3314 sui.
792 3249 921 3313 Nullus
943 3251 1126 3314 comitatus

178 3347 223 3409 de
240 3355 365 3413 caetero
378 3351 553 3430 [teneatur
572 3351 639 3413 nisi
654 3351 696 3414 de
709 3351 843 3431 m]ense
858 3349 893 3410 iu
911 3368 1074 3426 mensem,
1091 3360 1126 3418 et

181 3446 259 3525 [ubi
273 3448 385 3531 major
402 3450 568 3512 terminus
584 3469 659 3513 esse
681 3449 831 3529 soleba.]t
846 3448 957 3531 major
976 3448 1040 3525 sit;
1063 3469 1125 3512 nec

125 3552 165 3609 30
180 3545 305 3627 aliquis
330 3549 522 3613 vicecomes
549 3549 603 3613 νε]
625 3546 826 3612 ‘ballivus’⁸
853 3546 958 3610 saciat
987 3553 1125 3611 turnum

179 3663 280 3707 suum
295 3667 356 3728 per
372 3647 587 3711 hundredum
602 3647 669 3710 nisi
685 3648 738 3711 bis
756 3647 792 3709 iu
808 3665 912 3722 anno,
928 3653 963 3709 et
973 3647 1126 3711 nonnisi

179 3743 215 3805 in
240 3745 317 3809 loco
342 3746 458 3810 debito
483 3754 518 3810 et
540 3753 717 3823 consueto,
740 3745 899 3809 videlicet
921 3745 1026 3808 semel
1047 3755 1127 3828 post

179 3841 330 3918 Pascha,
343 3847 515 3909 etiterum
529 3853 609 3927 post
628 3846 774 3926 f[estum
790 3845 901 3908 sancti
921 3845 957 3906 Μ
961 3844 1123 3918 ichaelis;

213 4040 221 4071 ¹
240 4043 248 4071 ‘
255 4043 434 4095 inveniuntur!
701 4043 712 4072 ⁶
728 4045 801 4093 ‘eam
813 4046 972 4094 tenebimus?

213 4107 224 4138 ²
241 4111 323 4162 ‘terra
333 4115 397 4165 illa!
701 4111 711 4143 ⁶
728 4114 879 4174 ‘superma'
981 4117 984 4122 ’

210 4177 223 4207 ³
238 4181 313 4232 ‘aliis
324 4186 450 4236 assuetis!
701 4179 712 4212 ⁷
727 4184 807 4233 ‘aut’

211 4247 222 4279 ⁴
240 4250 327 4306 ‘ilia'¹
701 4250 712 4284 Ι
728 4253 853 4302 ‘ballivus
865 4248 948 4300 suus.'
1001 4293 1003 4300 r

229 4365 307 4410 VOL.
327 4367 350 4412 l.
958 4368 979 4412 Τ
