3116 4990
411 464 476 528 122
777 475 984 523 canonicos

268 655 341 701 uena
352 653 382 693 11·
412 636 570 700 bulosum
602 634 762 697 dicuntur
792 641 997 715 expectasse
1032 632 1236 708 Arthurum,
1270 650 1364 693 nunc

252 704 394 764 Q
412 735 477 799 sibi
501 754 577 798 cum
601 734 712 797 multa
736 752 797 814 spe
823 734 980 808 nutriunt
1002 752 1133 809 verum,
1153 731 1259 814 juxta
1277 750 1363 813 quo-

412 835 555 898 rundam
580 833 773 916 opinionem
800 833 988 913 grandibus
1009 832 1078 895 illis
1101 839 1135 895 et
1156 832 1297 894 famosis
1320 830 1364 893 de

412 934 567 999 Arthuro
582 933 707 996 fabulis
722 930 1010 1015 prophetarum.’¹

413 1107 461 1170 Da
480 1106 578 1170 Terra
590 1107 718 1184 Sancta,
734 1113 763 1168 et
779 1103 983 1179 Patriorcha,
998 1113 1027 1168 et
1039 1103 1214 1168 Jerusalem
1222 1103 1362 1189 perdita.

251 1264 382 1304 aonia.
463 1228 567 1294 Auno
609 1228 749 1293 Domini
790 1245 1012 1293 mccxxxlv.
1051 1228 1233 1293 Saladinus
1273 1228 1363 1292 filius

252 1328 402 1428 gfffffffigfr
414 1329 505 1410 regis
524 1329 634 1412 Syriae
656 1338 692 1393 et
709 1328 983 1410 Mesopotamiae,
1001 1335 1122 1392 contra
1136 1328 1363 1404 Christianos,

415 1435 551 1492 mortuo
569 1437 679 1511 patre,
700 1429 861 1506 surrexit,
877 1447 946 1492 non
960 1428 1036 1511 jam
1055 1428 1165 1508 virga,
1183 1429 1242 1491 sed
1256 1427 1362 1492 ‘mal-

415 1529 502 1602 leus,
539 1528 640 1592 homo
676 1527 814 1592 astutiae
847 1527 1034 1609 singularis
1068 1534 1104 1591 et
1135 1524 1268 1590 mille'²
1300 1547 1363 1590 no-

253 1665 366 1706 m„
415 1627 514 1691 cendi
535 1629 666 1704 artibus
687 1628 875 1691 instructus
897 1634 990 1691 erat:
1014 1626 1069 1690 hio
1098 1628 1308 1690 Damascum
1331 1634 1366 1690 et

254 1715 382 1806 {mh
416 1727 502 1790 fines
533 1727 609 1811 ejus
638 1747 716 1790 cum
745 1745 854 1790 uxore
885 1726 1029 1810 accepit.
1087 1726 1243 1808 Cumque
1273 1734 1365 1790 esset

416 1827 546 1890 militiae
568 1847 631 1890 rex
657 1827 849 1891 Turcorum
871 1826 1097 1909 gratissimus
1120 1827 1211 1889 vires
1233 1826 1365 1889 artibus

417 1934 452 1990 et
474 1927 718 1991 artes-viribus
744 1925 874 2010 juvans
906 1927 941 1990 in
972 1926 1166 2010 AEgyptum
1197 1945 1275 1990 oum
1307 1945 1363 1990 ar-

417 2028 482 2090 mis
511 2027 668 2102 transiit;
700 2040 735 2089 et
757 2027 968 2107 consumptis
996 2026 1207 2108 principibus
1231 2025 1363 2090 confes-

419 2126 478 2190 tim
506 2127 650 2208 arripuit
669 2145 812 2207 regnum
837 2125 1037 2208 Babylonis.
1090 2125 1201 2209 Lybia
1226 2144 1365 2208 quoque

418 2232 522 2308 atque
544 2224 676 2290 Arabia
695 2227 837 2308 potitus,
859 2232 982 2289 nactus
1003 2232 1056 2289 est
1078 2245 1202 2289 nomen
1223 2226 1366 2306 grande,

418 2345 523 2407 supra
544 2345 668 2389 nomen
694 2345 897 2406 magnorum
918 2326 980 2406 qui
1001 2326 1137 2389 suntin
1166 2333 1276 2389 terra:
1306 2325 1366 2388 de-

418 2425 533 2506 nique,
562 2431 641 2488 octo
670 2425 784 2506 regnis
813 2425 988 2489 ditissimis
1016 2425 1214 2506 praesidenS,
1244 2444 1367 2507 parum

418 2531 534 2587 tamen
554 2543 576 2588 a
597 2543 634 2587 se
656 2531 771 2588 actum
795 2526 939 2607 putabat
961 2526 1043 2589 dum
1062 2524 1249 2589 Christiani
1262 2525 1286 2590 J
1289 2545 1366 2588 eru-

418 2624 526 2687 salem
557 2630 592 2686 et
620 2622 841 2688 Antiochiam
868 2633 903 2688 et
929 2625 1117 2689 maritimas
1147 2624 1256 2706 Syriae
1281 2625 1366 2689 civi-

418 2731 510 2787 tates
541 2724 764 2805 possiderent.
816 2724 944 2787 Totum
966 2745 1048 2806 ergo
1079 2723 1303 2788 ‘hostiliter’³
1330 2725 1368 2786 in

418 2823 510 2904 ipsos
531 2821 690 2886 latissimi
710 2824 843 2905 imperii
862 2824 916 2887 sui
937 2825 1041 2888 robur
1057 2831 1270 2901 convertens,
1291 2844 1366 2886 mo-

418 2922 471 2985 dis
497 2923 653 2986 omnibus
679 2923 854 2986 nitebatur
873 2924 1039 2989 devorare
1064 2925 1198 3007 plebem
1225 2924 1304 3000 Dei,
1331 2931 1367 2988 et

419 3022 611 3103 trophaeum
630 3023 740 3086 crucis
760 3022 887 3087 Christi
909 3024 1057 3088 avellere
1075 3043 1095 3087 a
1112 3025 1267 3106 partibus
1287 3023 1366 3087 Ori-

419 3123 518 3197 entis,
548 3122 607 3185 ubi
640 3123 735 3205 prius
769 3131 919 3187 erectum
950 3130 1012 3187 est.
1070 3124 1172 3188 Circa
1200 3123 1262 3187 hos
1293 3123 1367 3188 dies

419 3221 601 3305 Philippus
625 3241 739 3286 comes
764 3222 997 3300 Flandrensis,
1012 3223 1079 3306 piae
1102 3223 1291 3288 devotionis
1312 3225 1366 3286 in-

418 3323 557 3398 stinctu,
588 3341 666 3384 cum
696 3323 805 3386 multa
835 3323 957 3386 militia
984 3330 1112 3388 terram
1141 3322 1366 3405 (ierosolymi-

418 3428 533 3485 tanam
549 3421 734 3502 ingressus,
750 3429 870 3486 contra
885 3422 1086 3486 Saladinum
1106 3423 1235 3505 aliquid
1251 3442 1366 3504 agere,

418 3528 452 3583 et
482 3520 567 3583 fines
598 3520 811 3585 Christianos
844 3522 988 3586 dilatare
1021 3523 1212 3605 disposuit;
1246 3543 1366 3586 verum

417 3619 565 3681 offensus
581 3639 602 3682 a
617 3619 822 3701 'l'emplariis
837 3621 879 3684 ad
896 3630 1022 3687 terram
1036 3621 1299 3699 Antiochenam,
1313 3623 1366 3686 in-

417 3718 548 3780 vitante
572 3718 735 3799 principe,
750 3720 906 3785 traduxit
929 3722 1086 3786 militiam
1114 3722 1365 3801 Christianam

419 3885 532 3948 Sunday,
542 3885 584 3934 the
592 3885 652 3934 usta
662 3887 691 3934 ol
697 3887 796 3950 March,
806 3893 878 3938 1187.
941 3887 950 3918 ¹
966 3891 974 3918 ‘
986 3891 1059 3940 Idem
1066 3907 1126 3941 vero
1134 3897 1205 3953 pater
1218 3926 1298 3944 .....
1310 3909 1368 3954 pro-

371 3995 379 4013 ,
418 3955 472 4004 The
484 3956 554 4017 King
566 3957 702 4017 appointed
714 3971 742 4006 as
753 3959 793 4006 his
806 3973 880 4020 gnar-
903 3959 1054 4023 phetarum,’
1065 3963 1168 4010 omitted
1179 3964 1205 4010 in
1214 3963 1290 4014 MSS.
1302 3963 1368 4014 Coll.

419 4027 479 4074 dian
494 4027 534 4075 his
548 4026 653 4087 mother,
665 4027 723 4076 who
735 4028 830 4090 shortly
842 4029 879 4077 al·
904 4030 976 4078 Arm.
988 4031 1038 4078 and
1050 4031 1117 4081 Cott.
1129 4033 1185 4081 Tib.

419 4097 880 4158 termarriedRanulphEarlolChes·
940 4097 951 4128 ¹
967 4100 1152 4164 ‘malus,homo
1160 4108 1187 4150 ct
1194 4102 1280 4164 mille,'
1288 4103 1366 4153 MSS.

418 4170 464 4214 ter.
502 4168 561 4216 Nic.
573 4167 667 4216 Trivet.
681 4173 748 4228 1063
767 4170 831 4231 Rog.
848 4170 879 4217 de
906 4169 971 4220 Coll.
983 4170 1055 4221 Arm.
1067 4172 1117 4220 and
1129 4171 1197 4221 Cott.
1207 4172 1264 4221 Tib.

419 4235 551 4299 Hoveden²
565 4237 625 4286 Rer.
636 4238 704 4299 Aug.
716 4239 809 4300 Script.
823 4243 880 4287 634.
941 4236 951 4266 ³
966 4241 1091 4302 Supplied
1102 4242 1165 4290 from
1178 4242 1235 4292 MS.
1248 4243 1344 4292 Lansd.
