3122 4982
207 3382 212 3392 '
263 3376 390 3415 toLondon.
431 3397 438 3410 .

415 469 480 534 178
789 481 998 530 onnorucou

264 657 394 748 21033319113
418 649 453 706 et
483 642 647 705 ultionem
672 639 867 723 justissimo
907 645 1001 702 motu
1033 637 1182 701 exarsit.=
1244 636 1371 717 Itaque

253 761 400 831 M
419 741 622 806 festinanter
656 738 877 818 congregatis
912 757 955 799 ex
991 737 1084 799 omni
1114 743 1208 799 terra
1232 735 1371 797 ditionis

254 842 357 939 mm
418 859 492 904 suae
512 858 643 903 necnon
671 843 705 900 et
727 857 772 900 ex
795 837 935 916 regione
949 835 1158 900 Walliarum
1173 834 1370 914 ingentibus

420 939 529 1020 copiis
552 937 768 1019 properabat.
822 933 887 998 Cui
910 954 994 998 mox
1022 943 1199 997 accessere
1222 934 1368 996 barones

420 1037 559 1120 plurimi
587 1035 808 1117 comitesque,
841 1041 876 1096 et
907 1033 1158 1098 Wintoniensis
1185 1031 1369 1112 episcopus

420 1155 497 1200 cunr
518 1135 642 1199 militia
656 1133 817 1214 copiosa3
841 1151 904 1195 nec
925 1131 1064 1194 defuere
1085 1131 1239 1212 episcopi
1262 1130 1369 1192 Bato-

421 1234 549 1297 niensis
572 1238 606 1295 et
629 1230 832 1306 Gestrensis,
850 1231 909 1311 qui
932 1230 1037 1311 paulo
1060 1237 1141 1292 ante
1161 1228 1369 1310 principales

421 1331 616 1394 cancellarii
640 1330 823 1411 complices
845 1335 881 1391 et
905 1329 1058 1392 fautores
1075 1328 1286 1403 extiterant;
1309 1327 1368 1390 sed

423 1429 613 1512 tyrannicis
645 1427 721 1511 ejus
756 1428 905 1490 mutibus
946 1434 981 1491 et
1015 1427 1239 1490 immoderato
1276 1424 1368 1488 fastu

422 1527 554 1602 offensi,
582 1545 660 1590 cum
676 1526 824 1588 ,caeteris
845 1526 950 1588 immo
972 1545 1044 1607 prae
1065 1526 1201 1589 caeteris
1227 1525 1263 1586 in
1291 1542 1367 1586 eum

422 1632 506 1689 tunc
523 1625 652 1704 linguis
675 1625 776 1687 simul
800 1629 835 1686 et
856 1625 980 1687 animis
1002 1623 1211 1687 saeviebant:
1239 1623 1368 1686 cancel-

423 1725 531 1787 larius
549 1742 643 1800 vero,
658 1741 736 1786 sera
746 1722 960 1804 poenitudine
977 1723 1188 1796 stimulatus,
1205 1721 1370 1802 praecepit

261 1838 357 1926 cpffrq
365 1837 383 1876 1⁸
424 1822 599 1905 captivum
628 1821 780 1885 relaxari
805 1821 1013 1902 pontificem.
1065 1818 1115 1884 At
1140 1839 1221 1884 vero
1240 1839 1371 1900 praesu·

261 1898 361 1928 'm'
425 1920 495 1984 lum
511 1939 760 2002 procerumque
781 1920 875 1982 zelus
892 1919 999 1983 semel
1021 1937 1185 1983 accensus
1208 1919 1284 2000 ejus
1299 1938 1369 1981 non

425 2019 762 2101 potuitrelaxatione
782 2017 916 2081 sedari:
941 2017 1166 2081 cancellarius
1181 2036 1276 2091 vero,
1291 2035 1369 2079 cum

425 2124 518 2182 esset
552 2118 657 2181 animi
690 2115 823 2180 robusti
855 2123 890 2178 et
921 2116 1023 2196 rigidi
1054 2117 1295 2179 necessitatem
1328 2115 1370 2177 ad

426 2217 642 2280 alacritatem
664 2215 817 2290 trahens,
844 2215 1032 2278 amicorum
1054 2221 1089 2277 et
1106 2215 1254 2297 militum
1275 2233 1372 2294 pere·

426 2315 600 2394 grinorum
627 2313 772 2394 stipavit
794 2331 832 2374 se
859 2313 979 2394 copiis,
1003 2313 1168 2393 stetitque
1190 2313 1227 2375 in
1249 2331 1372 2394 campo

427 2431 495 2475 non
518 2412 622 2492 longe
646 2430 668 2473 a
690 2410 904 2484 Windesora‚
923 2411 1052 2486 hostes,
1072 2411 1101 2473 si
1123 2410 1212 2475 sorte
1229 2430 1372 2492 progre-

425 2510 586 2574 diendum
609 2516 784 2591 putarent,
804 2518 947 2591 paratus
966 2510 1146 2591 excipere:
1171 2529 1290 2574 verum
1312 2510 1374 2572 ad-

427 2609 601 2673 ventantis
622 2609 795 2672 exercitus
811 2627 953 2671 numero
968 2614 1003 2671 et
1018 2607 1145 2682 fiducie
1161 2609 1303 2670 territus
1320 2628 1373 2670 re-

427 2707 581 2789 trogradi
597 2707 713 2788 coepit.
759 2706 847 2770 Mox
870 2706 1075 2788 quibusdam
1092 2706 1293 2787 potentibus
1314 2708 1377 2788 qui

425 2807 503 2867 cum
522 2824 563 2867 eo
586 2823 661 2868 esse
676 2803 881 2868 videbantur
898 2803 1156 2869 transeuntibus
1173 2805 1220 2891 ad
1239 2812 1373 2886 partem

426 2902 607 2976 lobannis
644 2903 805 2966 turbatus
841 2903 1011 2984 inopsque
1043 2904 1190 2978 consilii,
1222 2922 1301 2965 cunr
1341 2905 1373 2966 ei

427 3009 542 3064 tutum
572 3020 641 3064 non
670 3008 762 3064 esset
799 3001 1067 3083 receptaculum,
1100 3009 1135 3065 et
1164 3002 1376 3065 instantibus

428 3100 528 3181 quasi
556 3119 578 3163 a
601 3107 703 3180 tergo
728 3098 885 3163 hostibus
909 3120 991 3164 mox
1016 3119 1095 3164 cum
1118 3100 1190 3162 suis
1214 3100 1377 3164 omnibus

263 3226 386 3266 rnechte.
429 3199 584 3281 profugit
606 3198 814 3274 Londonias‚
830 3217 917 3281 quas
940 3200 1116 3279 ingressus
1138 3198 1283 3273 civibus,
1301 3199 1377 3280 qui-

264 3277 355 3365 ἶῖιῃιῖἱι.
428 3299 493 3361 bus
511 3299 615 3380 paulo
633 3304 713 3360 ante
734 3295 896 3360 terribilis
918 3297 1041 3372 fuerat,
1064 3317 1106 3360 ne
1128 3297 1194 3360 sibi
1215 3295 1379 3360 deessent

428 3417 463 3460 rn
491 3396 552 3460 illo
576 3396 724 3460 articulo
750 3395 924 3459 humiliter
947 3372 1176 3478 supplicavit3
1213 3395 1264 3458 illi
1292 3414 1378 3458 vero

428 3495 550 3576 prioris
559 3496 668 3558 fastus
680 3501 716 3557 et
731 3493 866 3557 ferociae
881 3494 956 3577 ejus
965 3513 1131 3591 memores
1146 3492 1169 3557 J
1172 3493 1300 3557 ohanni
1316 3514 1381 3576 po-

427 3594 496 3655 tius
513 3593 666 3656 favorem
682 3593 926 3673 praestiterunt.
972 3593 1098 3674 Itaque
1115 3612 1176 3675 spe
1191 3592 1383 3656 frustratus

265 3708 415 3799 ffiffi'
428 3690 463 3752 in
484 3710 597 3754 arcem
619 3710 657 3754 se
683 3693 812 3772 regiam
841 3711 919 3755 cum
943 3692 1015 3754 suis
1043 3693 1201 3754 omnibus
1225 3693 1380 3773 recepit;

265 3810 346 3856 roser,
429 3807 573 3871 quorum
597 3794 715 3851 tantus
740 3797 816 3853 erat
842 3809 1005 3853 numerus
1033 3792 1138 3853 utin
1169 3791 1279 3853 stricti
1309 3790 1385 3854 loci

429 3888 598 3968 angustiis
611 3906 676 3950 sua
690 3886 759 3950 illis
779 3895 869 3951 esset
892 3889 1044 3953 nocivior
1065 3888 1251 3952 multitudo
1273 3908 1387 3970 quam

428 3987 585 4056 bostium„
602 3986 684 4050 foris
709 3986 923 4051 frementium
950 3988 1126 4051 fortitudo.
1189 3987 1388 4052 AEstuabat

427 4086 531 4158 turris
559 4086 704 4150 interius
736 4087 1037 4167 comprehensione
1069 4085 1298 4150 multitudinis
1328 4086 1391 4151 in-

427 4184 543 4257 clusae,
582 4185 651 4248 cito
690 4186 881 4248 evomitura
916 4203 1003 4266 quos
1036 4185 1231 4266 prodendos
1265 4189 1390 4266 magis
