3132 4996
395 475 567 522 wnnrnm
592 475 639 522 nu
662 476 946 526 nnurnonuaon.
1098 463 1142 526 57

187 647 361 723 occupata
376 641 566 722 possidet.”
619 641 684 706 Cui
701 643 879 724 respondit
895 662 979 708 rex:
1004 642 1138 722 “Quod
1167 651 1297 741 n⁸⁸1⁶2¹³¹¹1i⁰ia

188 738 308 804 dolose
323 741 464 822 recepit,
477 741 660 806 victoriose
677 742 876 825 recipiam.''
905 742 1140 826 congregavit
1153 731 1303 768 ‘'⁴’‘

189 859 273 921 ergo
307 859 371 904 rex
401 841 548 922 impiger
576 851 612 905 et
640 843 812 923 promovit
843 843 1034 907 exercitum
1069 851 1139 906 tam

190 958 368 1020 magnum,
385 940 522 1016 fortem,
537 947 573 1003 et
588 940 753 1018 validum,
770 948 938 1022 quantum
960 943 995 1004 in
1011 942 1143 1023 Anglia

190 1037 295 1101 fnisse
324 1040 439 1102 nullus
465 1058 654 1104 memorare
680 1041 803 1123 potuit.
860 1041 1053 1105 Occurrens
1081 1061 1142 1105 au·
1156 1063 1273 1112 aanor.

189 1145 260 1200 tem
277 1139 310 1200 ei
330 1158 392 1201 rex
413 1139 527 1202 David
543 1141 636 1203 circa
651 1140 862 1207 Dunolmum
882 1141 1023 1223 pacifice
1047 1140 1142 1205 locu·
1155 1115 1279 1160 ΝΜ

191 1243 249 1299 tus
265 1245 320 1300 est
335 1244 371 1300 et
388 1238 616 1302 concordatus
630 1246 685 1302 est
698 1239 745 1312 ei;
774 1240 988 1322 reddiditque
1002 1240 1143 1305 Novum
1155 1262 1291 1302 turcanae

193 1335 396 1414 Castellum,
429 1338 490 1401 sed
522 1357 567 1401 ex
599 1339 823 1402 concessione.
849 1341 942 1422 regis
976 1340 1143 1422 Stephani
1154 1313 1300 1413 mdia.

195 1434 399 1500 Karleolum
425 1438 579 1502 retinuit.
640 1436 721 1501 Rex
746 1444 862 1502 tamen
895 1439 1012 1504 David
1040 1439 1144 1505 homo

190 1536 283 1616 regis
306 1535 475 1618 Stephani
496 1556 565 1600 non
588 1546 642 1601 est
657 1537 810 1613 effectus,
828 1539 910 1620 quia
931 1539 996 1603 ‘de
1011 1534 1142 1604 laicis'¹

191 1635 322 1716 primus
343 1636 478 1719 juravit
494 1636 696 1701 fidelitatem
716 1637 791 1719 ipse
809 1638 923 1702 David
951 1638 1031 1702 filiae
1048 1639 1143 1720 regis

193 1733 339 1798 Henrici
356 1736 488 1799 scilicet
503 1737 598 1819 nepti
620 1757 706 1812 suae,
721 1737 765 1799 de
780 1735 909 1818 Anglia
932 1738 963 1801 ei
986 1746 1142 1802 manute-

193 1833 307 1897 nenda
331 1842 580 1916 postmortem
608 1839 700 1919 regis
732 1835 887 1900 Henrici.
948 1838 1015 1901 Sed
1051 1839 1289 1909 filiastram..

1157 1912 1211 1952 vitl'r
1220 1923 1267 1957 rou,

193 1934 284 2014 regis
302 1930 477 1999 ‘David’²
495 1934 669 2001 Henricus
685 1937 821 2000 nomine
844 1936 946 1999 homo
964 1937 1055 2017 regis
1071 1937 1144 2000 Ste-
1155 1963 1239 2002 cmm
1248 1961 1295 2000 Μ

194 2033 301 2115 phaui
328 2033 469 2098 effectus
500 2043 562 2110 est,
598 2036 760 2119 deditque
790 2035 821 2098 ei
854 2055 917 2098 rex
949 2035 1144 2117 Stephanus
1156 2012 1295 2101 ‘iidmmn‘’

194 2134 342 2214 burgum
389 2134 480 2216 quod
525 2145 669 2200 vocatur
716 2135 943 2216 Huntington
984 2135 1020 2197 in
1059 2154 1144 2216 aug-

195 2241 358 2297 mentum.

271 2529 273 2533 .
371 2467 568 2549 Praedicator
587 2489 656 2532 rma
671 2467 751 2554 Repe
765 2469 975 2534 Francorum.

240 2630 343 2695 Auno
355 2631 494 2695 Domini
506 2648 705 2697 mcxxxvr.
718 2641 754 2698 et
766 2634 865 2715 regni
877 2634 969 2715 regis
983 2633 1149 2715 Stephani
1161 2661 1220 2700 nn.
1230 2661 1285 2701 11³7.

195 2731 358 2808 secundo,
387 2731 623 2796 transfretavit
651 2733 740 2796 idem
764 2753 829 2796 rex
854 2753 933 2797 cum
959 2753 1063 2798 manu
1092 2752 1146 2797 ar·
1160 2751 1312 2840 aprunam

195 2838 289 2894 mata
311 2831 348 2893 in
372 2826 633 2909 Normauniam,
650 2839 685 2896 et
708 2833 824 2896 multis
847 2834 971 2897 ibidem
991 2834 1147 2898 hostibus
1159 2805 1193 2901 dd,
1213 2813 1296 2841 ‘m'

194 2931 366 3012 superatis
383 2938 418 2995 et
441 2931 614 3008 bellicose,
638 2933 775 2996 tandem
793 2953 871 2996 cnm
894 2954 976 3016 rege
1000 2934 1148 2998 Franco

196 3051 271 3092 rum
302 3030 518 3094 concordiam
549 3031 635 3107 iniit,
659 3039 694 3094 et
726 3033 931 3097 Eustachius
961 3033 1052 3096 filius
1074 3033 1149 3116 ejus
1162 3049 1304 3090 andreeeues

195 3129 298 3194 homo
317 3130 408 3210 regis
427 3129 638 3195 Francorum
657 3131 797 3196 effectus
821 3140 875 3197 est
895 3140 1036 3214 propter
1058 3132 1149 3196 Nor·
1161 3100 1295 3189 ddeiddd‘d

196 3231 381 3307 manniam,
393 3249 470 3311 quae
481 3230 691 3294 Francorum
703 3231 840 3315 adjacet
850 3233 1001 3314 imperio.
1047 3231 1149 3308 Quod
1162 3200 1314 3290 idhddius.

196 3329 316 3392 videns
331 3349 444 3393 comes
461 3328 733 3412 Andegavensis,
750 3332 809 3412 qui
823 3331 928 3394 filiam
943 3331 1035 3411 regis
1052 3329 1149 3392 Hen-
1162 3304 1215 3339 ’Μ’
1243 3343 1245 3347 ’

195 3429 256 3491 rici
280 3428 411 3493 scilicet
428 3431 677 3511 imperatricem
700 3431 860 3506 duxerat,
884 3437 919 3494 et
934 3429 1005 3492 ‘cui
1027 3427 1150 3510 Angli-

196 3529 274 3591 cani
296 3529 393 3610 regni
415 3531 586 3594 successio
611 3527 870 3612 competebat,'³
888 3538 928 3594 ut
947 3528 1151 3612 praedictum

196 3634 259 3704 est,
285 3629 418 3692 ratione
445 3629 598 3712 ejusdem
629 3631 748 3693 uxoris
778 3649 863 3707 suae,
888 3650 925 3694 se
960 3629 1090 3694 scilicet
1115 3630 1150 3695 in

195 3730 357 3810 praesenti
380 3729 494 3810 regias
519 3729 611 3793 vires
632 3729 818 3812 infringere
843 3751 912 3794 non
935 3749 1047 3813 posse,
1070 3731 1151 3794 licet

191 3829 266 3910 jam
283 3834 524 3910 attemptasset
539 3829 574 3892 in
589 3836 699 3911 parte,
709 3831 815 3913 coepit
829 3831 993 3895 continuo
1008 3831 1150 3912 pacifice

197 3927 303 4010 loqui,
324 3937 358 3992 et
377 3929 532 3992 inducias
552 3936 668 4010 petere
690 3949 792 4012 super
811 3930 930 3993 eodem
949 3929 1100 4009 negotio,
1115 3929 1151 3990 in

231 4099 238 4128 ¹
258 4101 371 4150 Omitted
388 4103 415 4149 in
427 4101 502 4152 MSS.
514 4101 660 4151 Colldrm.
721 4097 732 4126 ²
748 4100 861 4148 Omitted
875 4100 902 4146 in
914 4099 971 4146 MS.
983 4097 1047 4147 Coll.
1060 4099 1133 4148 Arm.

196 4171 246 4218 and
259 4170 327 4221 cort.
338 4172 396 4222 Tib.
688 4166 736 4289 Mg
748 4169 948 4288 ‘pppsplingliam
975 4169 1151 4231 competebat,'
