3128 4992
413 471 581 520 wicram
605 474 652 520 nn
676 472 958 524 unuincuuncu.
1106 462 1150 525 43

200 626 301 693 lelmo
327 636 362 692 et
385 629 493 693 eidem
519 630 718 694 fidelitatem
736 632 953 715 juraverunt.
1017 633 1150 698 Habita
1188 653 1262 700 neno
1272 653 1288 691 1.

203 728 306 791 etiam
330 737 383 793 est
407 729 532 792 ibidem
556 750 663 793 causa
685 731 773 796 iuter
789 731 1072 796 cantuariensem
1094 753 1150 796 ar·
1163 703 1306 834 „2¹:23¹ss

204 827 456 912 chiepiscopum
472 837 508 893 et
522 830 747 893 Thurstinum
764 831 916 894 Eborum
932 833 1090 909 electum,
1108 834 1151 896 de
1162 840 1232 876 ‘'⁰⁶ss
1249 835 1287 873 ‘¹¹0

202 927 438 992 benedictione
461 930 504 992 ab
526 931 602 1012 ipso
618 929 859 994 Cantuarieusi
881 932 1098 1015 suscipienda
1117 945 1152 996 et
1163 885 1300 1024 {ffldffillm

202 1025 412 1109 professione
432 1028 541 1091 eidem
563 1028 729 1093 facienda.
783 1030 852 1094 Ubi
871 1031 1046 1113 respondit
1065 1032 1152 1095 elec·
1164 996 1230 1076 1011·
1253 985 1268 1024 d

205 1133 274 1203 tus,
291 1127 559 1191 benedictionem
575 1127 720 1192 libenter
736 1148 773 1191 se
789 1129 876 1192 velle
894 1133 1077 1212 suscipere,
1092 1132 1154 1195 sed

205 1225 461 1307 professionem,
489 1246 593 1308 quam
623 1227 797 1310 exigebat,
828 1228 924 1291 nulla
953 1230 1084 1293 ratione
1116 1250 1153 1294 se

204 1324 386 1388 facturum.
451 1324 553 1404 Quod
583 1333 741 1389 avertens
771 1345 834 1389 rex
858 1335 1070 1408 protestatus
1099 1335 1153 1392 est

113 1479 114 1483 ,
203 1423 299 1486 illum
322 1444 449 1487 morem
473 1433 727 1489 antecessorum
750 1443 900 1502 suorum,
921 1434 992 1489 tam
1015 1427 1051 1488 in
1073 1447 1151 1508 pro-

204 1522 350 1586 fessione
375 1523 542 1600 facienda,
572 1543 675 1606 quam
704 1525 741 1587 in
769 1526 902 1588 caeteris
928 1525 1152 1606 dignitatibus

206 1621 444 1687 Cantuariensi
473 1623 626 1687 ecelesiae
658 1625 940 1705 competentibus,
972 1633 1033 1688 aut
1063 1627 1152 1690 anti-

206 1741 274 1803 quo
309 1723 389 1806 jure
426 1731 651 1786 executurum
698 1731 759 1787 aut
793 1724 945 1787 Eborum
986 1725 1151 1807 archiepi-

206 1829 348 1903 scopatu
383 1842 462 1886 cum
490 1825 567 1905 ipsa
599 1824 702 1886 etiam
734 1823 968 1887 benedictione
999 1823 1153 1888 funditus

205 1923 403 1986 cariturum.
455 1921 590 2001 Quibus
616 1921 752 1999 auditis,
767 1943 845 1986 cum
868 1922 1019 1985 Eborum
1044 1925 1152 1987 eccle·
1165 1947 1275 2006 munire

207 2020 293 2083 siam
315 2021 484 2105 subjicere
505 2021 624 2098 nollet,
640 2021 819 2084 confestim
834 2022 1046 2086 renunciavit
1067 2042 1151 2104 pon·
1165 1997 1288 2095 lddnoplrll

207 2119 364 2197 tificatui,
381 2120 552 2204 spondeus
575 2140 612 2184 se
635 2139 805 2202 nusquam
827 2121 1092 2184 reclamaturum
1116 2122 1153 2185 in

206 2227 393 2301 posterum.

298 2370 513 2440 Terraemotam
537 2376 566 2432 ot
581 2387 662 2432 aaut
676 2366 832 2442 solvatur,
847 2365 953 2431 moltis
969 2367 1084 2431 occide.

259 2517 362 2582 Anno
393 2515 532 2581 Domini
562 2525 717 2579 ucxvn.
747 2515 839 2597 apud
880 2514 1155 2597 Longobardiam
1169 2532 1294 2573 annu

209 2619 301 2682 facto
325 2624 523 2681 terraemotu
546 2633 686 2694 magno,
711 2621 746 2678 et
767 2613 911 2678 durante
935 2631 996 2679 xc.
1024 2614 1154 2678 dierum
1168 2599 1306 2688 ffi‘llffl

208 2718 322 2800 spatio
344 2715 492 2799 plurima
511 2714 689 2779 domorum
706 2712 850 2776 aedificia
869 2720 1068 2777 corruerunt
1085 2735 1095 2794 3
1120 2722 1156 2778 et
1167 2701 1240 2749 Μ’·

211 2816 303 2899 quod
326 2817 401 2880 visu
423 2814 585 2896 dictuque
608 2820 743 2877 constat
764 2812 929 2889 mirabile,
954 2813 1037 2877 villa
1059 2832 1154 2895 quae-

210 2915 288 2979 dam
312 2935 373 2998 per
395 2913 595 2996 grandinem
621 2920 716 2976 mota
743 2919 797 2975 est
825 2918 965 2995 repente
994 2912 1036 2976 de
1061 2919 1157 2976 statu

210 3022 245 3078 et
264 3015 340 3078 loco
360 3012 511 3096 proprio,
529 3019 564 3076 et
581 3011 682 3094 quasi
699 3011 812 3075 subito
830 3012 874 3074 ab
894 3010 1053 3075 omnibus
1075 3031 1156 3076 con-

212 3115 334 3200 sistere
364 3112 517 3177 cernitur
544 3113 581 3174 in
613 3111 690 3175 loeo
717 3109 787 3174 alio
818 3117 854 3173 et
881 3110 982 3191 longe
1011 3118 1155 3175 remoto.

211 3213 341 3278 Eodem
364 3231 465 3289 anno,
488 3210 581 3293 apud
603 3209 853 3286 Mediolanum,
868 3208 949 3272 dum
972 3216 1153 3290 magnates

213 3312 364 3377 civitatis
386 3311 429 3374 ad
444 3311 592 3374 invicem
607 3315 797 3374 tractantes
816 3308 858 3371 de
881 3309 1072 3390 republica
1091 3309 1156 3371 sub

213 3429 285 3474 una
311 3409 397 3474 turri
421 3410 620 3487 residerent,
642 3409 804 3490 factoque
828 3406 864 3469 iu
886 3412 985 3488 parte
1009 3407 1156 3486 silentio,

215 3531 296 3575 mox
324 3509 465 3573 auribus
486 3509 637 3573 omnium
659 3527 729 3572 vox
749 3505 833 3570 foris
858 3506 1027 3582 insonuit,
1050 3524 1166 3569 unum·

213 3630 258 3674 ex
276 3610 344 3672 illis
360 3608 500 3692 proprio
518 3609 654 3672 nomine
671 3625 811 3683 vocans,
827 3611 862 3670 et
880 3605 1044 3669 festinato
1061 3605 1157 3668 exire

214 3727 361 3790 rogans;
394 3726 464 3789 quo
484 3707 626 3770 nimium
644 3706 816 3781 tardante,
832 3725 980 3787 persona
997 3704 1156 3787 quaedam

213 3790 365 3891 procerae
382 3813 526 3871 staturae
541 3814 576 3870 et
591 3805 806 3870 auctoritatis
822 3823 960 3886 maguae
975 3823 1090 3868 coram
1108 3804 1158 3867 eis

215 3908 388 3990 apparuit,
405 3912 439 3969 et
456 3913 618 3970 vocatum
637 3905 746 3968 virum
766 3911 806 3967 ut
823 3904 1043 3985 egrederetur
1059 3902 1157 3966 suavi

214 4026 316 4089 prece
339 4006 507 4070 obtinuit:
543 4005 603 4086 qui
631 4023 709 4066 cum
736 4010 828 4066 essct
858 4020 1030 4083 egressus,
1052 4001 1158 4064 turris

214 4107 291 4189 ipsa
313 4105 435 4169 cecidit
458 4110 611 4186 repente,
629 4110 664 4166 et
686 4119 804 4165 omues
822 4100 993 4182 oppressit
1011 4100 1071 4181 qui
1093 4098 1157 4161 ibi·

215 4206 289 4272 dem
313 4205 479 4285 aderant;
508 4203 602 4268 solus
626 4202 714 4264 enim
740 4200 851 4264 evasit
874 4199 934 4266 ille
956 4199 1009 4263 vir
1032 4198 1158 4281 inquo
