3132 4988
383 459 552 507 wsnruur
577 459 623 506 nu
647 460 927 510 nunrucauuon.
1064 447 1128 514 113

171 618 376 691 ascendere;
412 638 559 700 quorum
597 639 688 683 unus
726 639 788 702 per
816 620 1003 686 fenestram
1037 623 1129 706 aspi·
1158 641 1232 690 aar,
1242 641 1272 683 11

171 719 279 796 ciens,
304 719 415 800 primo
441 719 579 801 quidem
606 718 819 784 insolitum
809 737 845 782 m
872 723 996 787 castris
1023 723 1126 786 silen-
1140 691 1281 756 Q

172 821 257 882 tium
277 818 463 894 admirans,
484 837 635 900 moxque
652 818 903 883 clandestinum
921 829 1127 904 apparatum

173 919 403 1000 conspiciens,
428 918 542 982 socios
563 919 764 996 accersivit3
795 937 940 1001 cumque
964 921 1127 1004 liquidius

173 1018 378 1082 seditionem
417 1016 665 1100 conspicerent,
693 1017 873 1082 confestim
906 1018 1045 1097 Ruello,
1077 1021 1127 1084 sic
1167 1034 1172 1041 ·

174 1119 266 1181 enim
280 1132 448 1199 campana
457 1117 519 1180 illa
535 1117 726 1192 dicebatur,
741 1116 893 1198 pulsato,
909 1119 1126 1184 notissimum

173 1216 267 1280 illico
288 1217 425 1297 signum
449 1216 584 1281 civitati
601 1216 786 1296 dederunt;
812 1235 881 1300 quo
903 1215 1022 1282 audito
1044 1220 1128 1284 totis

173 1316 307 1381 viribus
324 1315 485 1397 utrinque
500 1316 701 1380 festinatum
719 1323 782 1380 est
846 1315 940 1381 Nam
966 1324 1002 1382 et
1024 1336 1127 1399 para·

175 1423 234 1479 tus
255 1415 329 1498 jam
347 1415 520 1479 exercitus
536 1434 558 1478 a
574 1416 698 1479 castris
714 1433 907 1498 erumpens,
924 1435 1002 1482 cunr
1022 1418 1126 1482 scalis

174 1514 337 1578 tendebat
360 1515 403 1577 ad
429 1533 584 1594 murum3
608 1521 642 1578 et
666 1515 772 1591 cives,
796 1513 975 1596 inopinato
1005 1517 1127 1581 stimu-

173 1615 238 1678 lati
261 1614 426 1696 periculo,
441 1613 550 1695 raptis
565 1614 670 1677 armis
685 1614 810 1695 spiritu
825 1613 1039 1698 ‘motuque'²
1060 1615 1127 1680 fer-

175 1713 256 1777 vido
271 1732 450 1777 occurrere
477 1713 707 1778 studuerunt:
738 1713 789 1776 illi
815 1732 964 1796 quoque,
982 1715 1041 1798 qui
1065 1735 1127 1780 ex-

176 1820 232 1876 tra
263 1813 382 1877 urbem
416 1814 678 1888 exercebantur,
705 1813 792 1876 mira
820 1811 997 1877 celeritate
1021 1815 1127 1878 affue-

176 1919 269 1976 runt.
316 1912 467 1994 Jamque
482 1912 612 1987 hostes,
627 1911 776 1977 admotis
799 1931 897 1975 muro
923 1912 1038 1989 scaliS,
1053 1933 1127 1977 mu-

176 2030 251 2074 rum
272 2012 512 2087 ascenderant,
535 2020 570 2076 et
585 2030 688 2075 voces
716 2012 815 2093 quasi
841 2010 1127 2092 triumphantium

175 2112 428 2194 personabant3
459 2111 518 2174 sed
548 2111 666 2175 statim
694 2110 830 2175 sortiter
852 2111 1067 2191 impetuntur
1093 2121 1128 2176 et

177 2210 391 2299 repelluntur
405 2229 427 2272 a
440 2211 586 2288 civibus,
604 2217 639 2274 et
653 2209 798 2274 viriliter
814 2209 1017 2274 collidentes
1042 2210 1130 2274 mul-

177 2318 234 2374 tus
249 2311 411 2391 utrinque
432 2311 574 2392 sanguis
590 2308 784 2373 effunditur.
843 2308 997 2373 Tandem
1012 2309 1129 2374 hostes

177 2411 239 2494 qui
252 2411 398 2492 superbe
416 2409 642 2473 ascenderant
658 2428 807 2486 sursum,
822 2409 1017 2491 praecipites
1037 2409 1130 2475 abie-

97 2531 103 2544 ·
178 2518 260 2575 runt
285 2517 495 2585 retrorsum
518 2518 553 2573 et
580 2508 685 2589 louge
708 2507 838 2590 majore
864 2508 962 2572 clade
987 2516 1131 2591 accepta

178 2629 283 2692 quam
298 2609 408 2684 illata,
421 2615 522 2672 nocte
536 2608 808 2704 superveniente,
821 2607 1000 2672 confusiiu
1015 2616 1132 2673 castra

179 2709 368 2772 redierunt.
416 2708 574 2789 Denique
598 2709 642 2771 ab
670 2707 730 2771 illo
753 2706 808 2770 die
837 2717 873 2772 et
904 2707 1064 2790 deinceps
1097 2715 1132 2771 et

179 2809 314 2873 obsessi
333 2807 536 2886 fiducialius,
560 2813 596 2870 et
621 2807 818 2871 obsessores
846 2807 1062 2890 desperatius
1080 2826 1133 2871 re-

178 2909 390 2989 missiusque
404 2906 517 2990 egisse
532 2907 705 2988 leguntur.

309 3130 427 3216 duplic
436 3131 609 3216 pacificata
623 3126 767 3194 Mareu
780 3127 1011 3212 Rothmapum.

234 3306 374 3371 Interea
392 3325 455 3368 rex
473 3305 648 3369 Henricus
670 3303 786 3366 senior
802 3299 983 3364 accersivit
999 3315 1133 3378 praepo·
1145 3313 1283 3403 3⁸33„

182 3409 269 3472 sitos
287 3405 508 3469 castellorum
521 3403 657 3469 comitis
675 3399 885 3474 Leicestriae,
899 3415 1001 3479 quem
1018 3414 1134 3458 secum
1146 3413 1253 3512 'm

182 3527 228 3572 ex
238 3505 458 3569 Nurmannia
472 3505 625 3568 vinctum
639 3500 845 3575 adduxerat,
858 3507 892 3561 et
904 3495 1037 3560 monuit
1049 3500 1105 3559 ‘nt
1106 3465 1165 3527 '¹⁵²

182 3625 247 3688 pro
265 3605 379 3668 salute
390 3603 517 3667 domini
531 3603 585 3666 sui
600 3600 740 3665 ‘eadem
752 3597 896 3663 castella
908 3597 1134 3676 resignarent.

183 3704 234 3769 At
247 3705 300 3768 illi
318 3723 397 3768 cum
422 3703 560 3766 domino
583 3720 646 3764 suo
673 3697 836 3782 loquendi
861 3697 995 3779 copiam
1015 3701 1136 3778 postu-

183 3805 299 3868 lantes
314 3820 383 3866 uon
397 3802 648 3884 impetrarunt:
672 3817 818 3880 cumque
843 3798 995 3861 dicerent
1010 3813 1047 3859 se
1066 3813 1135 3858 non

185 3903 288 3967 aliter
312 3919 414 3984 quam
441 3921 504 3983 pro
529 3907 623 3964 certa
652 3897 780 3962 domiui
804 3895 896 3960 sui’³
922 3895 1137 3958 relaxatione

221 4090 229 4122 ¹
247 4086 400 4152 ‘metuque‚‘
412 4091 489 4140 MSS.
501 4090 567 4140 0011.
580 4089 651 4140 Arm.
712 4083 722 4114 ²
739 4085 747 4113 ‘
759 4099 803 4134 eos
814 4086 859 4147 ut,'
871 4085 928 4134 MS.
938 4081 1032 4130 Lausd.

185 4163 237 4211 aud
255 4161 323 4211 cott.
346 4161 414 4222 Tib,
424 4159 529 4209 omitted
552 4160 579 4208 in
595 4158 653 4210 MS.

186 4232 284 4282 Lansd.
716 4221 726 4251 ³
743 4223 856 4272 Omitted
868 4223 894 4270 in
906 4220 964 4272 Ms.
976 4219 1040 4272 Coll.
1052 4220 1124 4268 Arm.

238 4337 319 4385 VOL.
345 4337 370 4384 1.
977 4331 988 4376 1
