3130 4990
422 472 592 518 wunsam
616 474 663 518 nn
687 473 968 520 nauruonunon.
1095 458 1158 521 271

207 648 314 711 equos
330 630 386 693 vel
401 639 552 694 carettas
570 632 717 715 alicujus
740 652 802 714 pro
817 632 970 712 eariagio
992 631 1158 707 faciendo,
1186 647 1311 734 2123le

206 729 272 790 nisi
287 729 409 792 reddat
425 729 663 794 liberationem
680 732 872 812 antiquitus
896 738 1076 805 statutam,
1092 733 1157 794 sci·
1169 749 1318 828 ff

206 828 287 890 licet
304 847 366 908 pro
382 833 391 860 ‘
405 829 569 892 caretta’¹
586 830 629 892 ad
647 829 734 893 duos
746 849 854 911 equos
866 829 983 892 decem
1001 828 1158 893 denarios
1172 830 1256 868 ΟΜ·

208 946 269 1007 per
285 925 386 1002 diem,
403 933 439 990 et
455 948 517 1009 pro
534 936 665 992 caretta
684 928 727 990 ad
743 935 813 991 tres
831 947 937 1008 equos
949 928 1157 1008 quatuorde-

176 1026 275 1087 5cim
289 1025 447 1088 denarios
465 1047 526 1108 per
548 1026 648 1090 diem.
704 1026 813 1090 Nulla
835 1033 967 1090 oaretta
986 1025 1158 1090 dominica

209 1122 355 1206 alicujus
371 1124 612 1188 ecclesiastieae
628 1144 797 1205 personae,
808 1125 863 1188 vel
879 1125 1009 1201 militis,
1020 1125 1075 1187 vei
1092 1126 1156 1188 ali-

208 1222 307 1305 cujus
322 1223 482 1299 dominae,
496 1224 655 1305 capiatur
670 1243 731 1305 per
746 1224 890 1287 ballivos
906 1223 1157 1304 ‘praedietos.’¹

209 1321 285 1384 Nee
314 1341 388 1397 nos,
417 1342 480 1384 nec
504 1323 623 1387 ballivi
650 1323 771 1398 nostri,
796 1343 859 1385 nec
885 1323 952 1398 alii,
981 1324 1156 1403 capiemus

207 1419 357 1482 alienum
387 1422 528 1486 boscum
558 1422 601 1485 ad
634 1430 749 1486 castra
780 1422 835 1483 vel
868 1421 992 1485 ‘alia’³
1022 1422 1156 1502 agenda

158 1535 195 1591 10
209 1527 338 1594 nostra,
353 1520 419 1582 nisi
435 1541 496 1602 per
506 1521 720 1584 voluntatem
735 1520 826 1583 illius
842 1520 942 1602 cujus
957 1521 1082 1583 boscus
1098 1521 1155 1584 ille

208 1617 321 1682 fuerit.
370 1619 445 1682 Nos
469 1639 537 1682 non
558 1620 748 1683 tenebimus
771 1627 881 1683 terras
903 1617 1074 1682 ‘eorum’¹
1097 1621 1156 1700 qui

208 1717 359 1781 convicti
380 1717 507 1781 fuerint
526 1718 569 1781 de
588 1718 713 1782 felonia
735 1718 801 1780 nisi
821 1732 881 1798 per
902 1737 1006 1780 unum
1027 1737 1154 1780 annum

207 1822 242 1877 et
258 1835 362 1878 unum
376 1815 478 1893 diem,
493 1826 528 1880 et
542 1827 625 1881 tuuc
639 1816 825 1880 reddantur
840 1813 993 1879 ‘terrae'⁵
1009 1815 1155 1880 dominis

207 1913 397 1980 feodorum.
450 1916 579 1979 Omnes
601 1915 720 1979 kidelli
742 1916 784 1977 de
798 1922 924 1978 eaetero
939 1915 1156 1995 deponantur

157 2029 193 2086 15
207 2013 350 2094 penitus.
368 2033 428 2095 per
454 2015 643 2078 Tamisiam
668 2023 704 2078 et
726 2005 1010 2078 ‘Medeweiam’⁶
1032 2021 1066 2075 et
1094 2033 1155 2094 per

207 2121 316 2175 totam
333 2112 494 2194 Angliam
512 2115 576 2177 nisi
600 2133 661 2195 per
682 2119 852 2178 costeram
875 2112 989 2175 maris.
1042 2113 1154 2176 Breve

206 2212 298 2292 quod
317 2221 460 2276 vocatur
482 2212 637 2295 Praecipe
659 2213 702 2276 de
726 2220 852 2275 eaetero
879 2231 948 2276 non
973 2211 1033 2274 fiat
1050 2211 1154 2274 alicui

207 2311 250 2372 de
277 2311 393 2391 aliquo
414 2314 424 2344 ¹
435 2303 661 2376 tenemento'¹
685 2312 774 2374 unde
798 2311 886 2374 liber
908 2312 1011 2373 homo
1033 2311 1155 2390 perdat

207 2410 337 2472 omium
357 2429 468 2476 suam.
522 2411 601 2474 Una
619 2429 781 2473 mensura
797 2411 867 2473 vini
889 2411 935 2473 sit
960 2430 1020 2491 per
1041 2417 1153 2473 totum

152 2530 192 2587 20
208 2528 349 2588 regnum
365 2517 532 2585 nostrum,
549 2519 583 2573 et
600 2529 669 2573 una
684 2509 1019 2583 mensuraeervisiae,
1033 2515 1069 2571 et
1083 2529 1154 2570 una

206 2627 366 2671 mensura
384 2609 488 2685 bladi,
509 2609 640 2672 scilicet
662 2609 873 2688 quarterium
894 2607 1151 2680 Londoniense;

206 2713 240 2769 et
263 2726 332 2771 una
353 2708 498 2771 latitudo
521 2727 713 2788 pannorum
738 2707 935 2781 tinctorum,
960 2701 1052 2768 ‘et’⁸
1077 2725 1152 2769 rus-

205 2813 385 2883 senorum,
406 2815 441 2870 et
465 2807 781 2887 banbergettorum,
804 2805 935 2868 scilieet
959 2804 1036 2866 duee
1062 2805 1152 2866 ulnae

195 2905 294 2968 'infra
308 2905 428 2970 listas:
453 2907 496 2969 de
511 2905 719 2987 ponderibus
735 2923 816 2968 vero
832 2904 878 2968 sit
893 2901 986 2994 ‘vut'9
1001 2904 1043 2967 de
1060 2924 1152 2968 men-

153 3025 191 3082 25
205 3004 305 3068 suris,
352 3004 448 3068 Nihil
466 3006 567 3068 detur
592 3005 635 3068 de
658 3011 783 3068 caetero
802 3023 865 3085 pro
891 3003 987 3066 brevi
1006 3004 1151 3084 inquisi-

205 3103 310 3167 tionis
334 3105 378 3166 ab
401 3123 441 3166 eo
462 3104 522 3186 qui
544 3104 800 3186 inquisitionem
818 3102 908 3183 ¹petit
931 3101 973 3163 de
997 3102 1070 3164 vita
1097 3100 1151 3164 vel

205 3201 441 3278 ‘membris,'¹⁰
460 3203 519 3265 sed
538 3203 646 3284 gratis
663 3199 872 3267 concedatur
893 3207 928 3263 et
954 3219 1021 3262 non
1047 3218 1151 3279 nege-

204 3307 272 3364 tur.
325 3301 362 3364 Si
382 3301 528 3382 ‘aliquis
554 3299 712 3366 teneat'¹¹
736 3300 778 3362 de
802 3299 899 3361 nobis
921 3317 982 3378 per
1004 3297 1152 3359 seodifir-

203 3419 295 3462 mam
309 3401 365 3464 vel
383 3399 645 3480 ‘soecagium'¹¹
663 3401 717 3464 vel
735 3395 857 3480 ‘per’¹³
882 3396 1100 3476 burgagium,
1117 3403 1151 3458 et

149 3525 188 3580 30
202 3499 245 3562 de
268 3499 336 3562 alio
358 3508 484 3563 terram
508 3497 691 3563 ‘teneat'14
713 3518 774 3580 per
791 3496 968 3560 servitium
991 3494 1151 3569 militare,

307 3782 315 3812 ¹
334 3786 403 3834 ‘una
414 3784 527 3832 earetta!
786 3779 795 3808 ¹
812 3781 933 3830 Omitted.

309 3849 320 3880 ¹
335 3850 467 3902 ‘nostros'
786 3849 796 3880 ⁹
813 3850 914 3899 ‘sicut’

212 3927 217 3936 '
307 3921 318 3952 ³
334 3924 385 3972 ‘ad
396 3918 464 3973 alia!
540 3969 541 3972 ,
779 3916 798 3950 ¹⁰
815 3921 865 3968 ‘de
877 3919 1013 3966 membris!

305 3991 314 4020 ⁴
330 3993 466 4042 ‘illorum'
780 3985 796 4015 ¹¹
815 3989 912 4046 ‘aliqui
923 3983 1043 4034 teneant?

307 4060 317 4088 ¹
333 4062 426 4110 ‘terrae
439 4061 511 4109 illae!
780 4053 798 4082 ¹¹
815 4057 876 4117 ‘per
888 4055 1036 4116 sonegium?

305 4128 316 4155 ⁶
332 4129 546 4189 ‘Medeweyam’
780 4121 798 4153 ¹¹
816 4125 939 4173 Omitted.

307 4198 317 4229 ⁷
335 4200 433 4249 ‘libero
445 4199 605 4248 tenemento.'
784 4191 802 4221 ¹⁴
820 4191 954 4242 ‘teneant’
