3130 4990
432 497 602 546 wanrsnr
627 498 673 545 nn
696 497 977 548 uuumceuacn.
1115 486 1181 550 323

229 653 300 716 lum
315 659 350 718 et
367 653 618 735 processissent
636 652 672 715 in
688 652 823 732 itinera,
838 663 1007 719 venerunt
1029 655 1179 722 hostium
1205 678 1280 730 nae
1290 680 1332 720 ιιι.

229 752 343 834 longae
361 751 540 834 quadrigae
561 759 601 816 ut
618 751 783 817 victualia
800 763 1004 836 quaererent,
1016 763 1052 819 et
1070 760 1180 823 conti·
1205 729 1265 770 ω’
1276 731 1332 768 Μ’

230 871 300 915 nuo
322 857 435 934 captae
453 858 545 928 sunt,
561 859 596 915 et
614 851 694 934 equi
715 852 889 918 distributi
909 855 944 917 in
970 854 1047 919 loco
1068 856 1178 922 lassa·

228 958 344 1015 torum
362 969 530 1033 equorum
545 971 607 1032 per
621 951 831 1016 exercitum:
855 955 1079 1034 procedentes
1096 977 1178 1022 vero

229 1050 402 1112 irruerunt
416 1049 453 1112 in
468 1048 585 1114 hostes
606 1068 739 1114 summo
755 1051 906 1116 diluculo
923 1060 958 1116 et
973 1053 1180 1120 invenerunt

230 1165 290 1211 eos
305 1147 513 1212 dormientes
528 1148 564 1210 in
581 1148 667 1212 villa
681 1155 717 1212 et
738 1151 891 1227 abbatia,
908 1157 944 1215 et
965 1159 1064 1215 erant
1079 1153 1178 1218 multi

230 1247 353 1310 muniti
369 1247 537 1328 sanguine
557 1245 737 1314 ’νίιιιιειιιῖι
754 1250 941 1330 peremptis
958 1270 1042 1331 ergo
1059 1251 1178 1316 multis

227 1345 270 1409 de
279 1346 451 1410 communi
460 1346 601 1428 populo,
611 1354 775 1428 ceperunt
787 1346 879 1412 circa
891 1349 1085 1430 quindecim
1096 1370 1177 1414 vex-

228 1445 359 1510 illarios
377 1445 506 1509 electos
522 1451 558 1507 et
576 1445 689 1526 spolia
709 1446 831 1522 multa,
846 1445 964 1511 Simon
982 1467 1064 1512 vero
1076 1449 1178 1531 juve-

229 1544 282 1607 nis
304 1544 364 1627 qui
389 1550 655 1625 pernoctaverat
679 1544 715 1608 in
736 1552 851 1610 castro
873 1547 924 1610 sic
950 1565 1028 1610 cum
1055 1549 1176 1629 paucis

227 1643 421 1724 captionem
454 1643 576 1706 evasit.
629 1640 739 1708 Gesta
770 1650 852 1707 sunt
879 1643 953 1708 haec
984 1662 1033 1711 ιν.
1066 1666 1175 1711 nonas
1188 1661 1282 1710 sunda,

228 1739 382 1824 Augusti
403 1761 494 1806 anno
518 1741 660 1806 Domini
685 1741 909 1806 ‘n.ccnxv.’¹
932 1749 968 1806 et
988 1745 1106 1809 statim
1130 1747 1174 1808 ad
1187 1713 1300 1761 *mm

226 1840 466 1905 Wircestriam
487 1840 618 1905 reversi
638 1845 738 1904 sunt:
761 1859 909 1922 cumque
932 1841 1087 1906 audisset
1104 1842 1174 1907 Ed-

225 1940 363 2004 wardns
374 1939 533 2004 comitem
548 1938 722 2002 Simonem
734 1940 769 2003 in
784 1939 952 2003 veniendo
965 1959 1042 2003 esse
1055 1941 1175 2005 versus

226 2037 457 2122 Kenylworth
477 2045 518 2103 ut
539 2037 709 2103 exercitui
731 2037 793 2102 filii
814 2039 869 2102 sui
891 2057 928 2102 se
949 2037 1175 2126 conjungeret

225 2145 261 2201 at
287 2137 386 2202 fieret
413 2137 545 2215 fortior,
573 2137 741 2219 processit
768 2137 907 2202 obviam
932 2138 966 2200 ei
989 2138 1045 2202 die
1072 2133 1174 2203 tertio

224 2237 319 2319 apud
351 2236 535 2312 Eresham,
570 2242 606 2299 et
636 2235 795 2300 ordinato
825 2237 981 2300 exercitu
1010 2257 1073 2318 per
1103 2244 1173 2302 tres
1186 2254 1289 2295 nucleos

222 2334 327 2412 acies,
342 2335 418 2417 ipse
433 2354 512 2398 cum
521 2334 596 2398 suis
609 2352 655 2396 ex
668 2342 768 2415 parte
781 2354 863 2412 una,
876 2354 991 2400 comes
1003 2334 1171 2400 Glauces·
1184 2305 1313 2444 {33:2¹3}

222 2435 300 2497 triae
322 2453 366 2498 ex
389 2434 508 2510 altera,
532 2440 568 2497 et
591 2432 752 2513 Rogerus
769 2433 813 2497 de
836 2433 1017 2498 Mortimer
1034 2453 1056 2498 a
1073 2442 1171 2517 tergo
1204 2407 1321 2454 ‘mum'

144 2609 146 2613 ,
223 2533 405 2596 veniebat:
431 2533 527 2597 venit
547 2532 665 2612 itaque
688 2531 880 2596 Edwardus
898 2532 988 2596 filius
1011 2535 1103 2614 regis
1125 2554 1170 2599 ex

222 2640 322 2712 parte
337 2632 469 2695 boreali
484 2631 583 2712 qnasi
598 2630 640 2694 de
658 2628 883 2711 Kenylwortb
908 2631 952 2694 ad
974 2631 1166 2708 Eresham;

221 2739 260 2794 ct
277 2750 319 2794 ne
333 2736 600 2811 cognosceretur
616 2747 638 2791 a
654 2728 757 2809 longe
773 2729 938 2810 praecepit
953 2730 1064 2811 primo
1082 2732 1169 2812 erigi

223 2829 389 2892 vexillum
406 2826 554 2894 Simonis
572 2827 719 2912 junioris
737 2835 772 2891 et
789 2835 991 2892 caeterorum
1009 2829 1069 2911 qui
1086 2849 1168 2913 cap·

222 2927 285 2992 tivi
319 2928 543 3003 ducebantur,
575 2926 819 3008 festinavitque
852 2934 892 2992 ut
922 2929 1047 2992 montis
1078 2930 1168 2994 clivo

221 3045 365 3090 ascenso
380 3025 509 3108 primos
523 3025 605 3088 belli
619 3025 709 3090 ictus
728 3043 898 3106 occupare
913 3035 1050 3107 posset;
1075 3047 1170 3091 cum-

220 3143 289 3206 que
317 3124 460 3189 vidisset
485 3123 683 3207 speculator
704 3124 837 3186 comitis
861 3123 1010 3187 Simonis
1036 3123 1167 3189 Nicho-
1266 3179 1268 3184 .

220 3223 298 3286 laus
312 3223 529 3288 barbitonsor
546 3222 635 3305 ejus,
657 3221 716 3302 qni
737 3221 840 3285 bomo
855 3228 1023 3303 expertus
1039 3230 1114 3284 erat
1130 3224 1166 3285 in

218 3322 416 3402 cognitione
446 3317 720 3397 ‘armatorum,’³
752 3327 903 3384 armatos
935 3319 984 3382 sic
1013 3339 1034 3382 a
1063 3319 1166 3401 longe

219 3422 407 3498 venientes,
417 3419 507 3485 dixit
517 3419 562 3483 ad
573 3420 744 3495 comitem,
756 3423 779 3454 “
791 3419 880 3482 Ecce
891 3418 1033 3482 veniunt
1043 3420 1166 3483 armati

219 3519 320 3582 multi
346 3537 369 3584 a
396 3518 641 3601 septentrione,
670 3524 718 3594 et,
736 3523 776 3580 ut
802 3517 962 3598 cognosci
989 3523 1116 3599 potest,
1143 3536 1165 3581 a

218 3617 320 3698 longe
343 3625 512 3700 apparent
526 3615 655 3682 vexilla
675 3624 813 3682 tuorum
826 3616 857 3695 ;'’
881 3623 916 3680 et
938 3615 1008 3692 ille,
1020 3621 1042 3650 “
1054 3615 1164 3679 Filius

217 3735 314 3780 meus
333 3724 399 3794 est,
416 3735 459 3780 ne
475 3716 619 3794 timeas3
641 3715 703 3779 sed
719 3715 806 3778 vade
831 3722 866 3779 et
878 3715 1100 3801 circumspice
1121 3735 1164 3778 ne

216 3814 304 3879 forte
319 3833 598 3896 praeoccupemur
607 3813 830 3878 circumventi
840 3815 874 3889 ;”
896 3815 1068 3880 nonenim
1083 3833 1165 3895 cog-

217 3920 362 3977 noverat
380 3913 491 3978 adhuc
505 3913 549 3976 de
563 3912 711 3995 hisquae
728 3912 799 3976 filio
822 3914 1029 3978 acciderant.
1081 3912 1165 3974 Per·

251 4174 263 4272 Σ
277 4177 287 4275 ἶ
293 4177 503 4297 ζῗέοῗξὲιεῗῇἃ
515 4247 583 4297 eost·
594 4247 651 4295 Tib·
739 4208 751 4242 ⁸
766 4209 925 4272 ‘armorum’
937 4209 994 4260 MS.
1006 4208 1073 4258 Cott.
1085 4207 1142 4258 Tib.

946 4341 996 4386 ri
