3132 4988
378 495 548 545 winrnnr
573 497 620 544 nn
644 498 927 547 anurncnuncrr.
1061 483 1128 548 339

175 650 224 713 sic
242 651 390 732 pendere
414 671 483 716 non
500 660 650 734 poterat,
673 654 912 736 attonitusque
935 653 1126 719 Edwardus
1151 668 1280 758 {⁶333}ss

173 750 285 814 exivit
298 752 462 816 continuo
476 759 516 816 ut
531 761 671 817 venturu
687 754 856 837 reciperet
873 754 917 818 ad
935 753 1126 819 refocillan·
1138 801 1250 842 mma,

174 848 254 912 dam
276 853 425 914 animam
452 852 539 936 ejus,
561 853 750 935 vidensque
772 854 990 935 iniquitatem
1007 873 1122 918 eorum
1136 853 1237 942 3332..

174 951 346 1029 quomodo
373 950 503 1015 multos
525 971 570 1015 ex
593 953 666 1016 suis
687 952 763 1036 jam
787 958 796 986 ‘
808 951 1065 1035 peremerant,'¹
1089 961 1125 1018 et
1255 982 1257 985 ·

173 1039 551 1114 non'torneamen‘ti'sed
563 1051 701 1114 modum
713 1050 1124 1128 belli‘exercerent,'²ait

174 1147 258 1224 suis,
274 1153 297 1182 “
307 1147 330 1212 J
333 1167 389 1212 am
407 1149 534 1212 nemini
548 1158 670 1233 parcat
681 1150 803 1214 oculus
819 1160 947 1228 vester,
957 1151 1017 1214 sed
1033 1151 1125 1215 sicut

173 1246 240 1327 ipsi
250 1251 261 1280 ‘
273 1247 371 1311 nobis
385 1237 554 1312 “faciunt
564 1250 660 1314 sicet
674 1255 758 1314 ‘vos
770 1249 942 1314 faciatis'⁴
955 1250 1124 1330 eisdem;'’

173 1344 319 1426 ingressi
336 1354 418 1410 sunt
439 1367 523 1430 ergo
540 1349 576 1411 in
593 1356 738 1414 mortem
757 1350 905 1413 aliorum
921 1356 1016 1413 etex
1031 1351 1124 1414 omni

172 1437 271 1526 parte
288 1446 406 1528 gladio
421 1446 622 1536 saeviebant.
676 1447 891 1530 Reversique
908 1448 1085 1531 pedestres
1103 1469 1124 1512 a

173 1543 266 1607 caedo
289 1552 504 1623 caeterorum,
521 1565 599 1611 cum
618 1546 785 1613 vidissent
801 1567 844 1611 ex
861 1548 934 1611 suis
944 1547 1019 1631 jam
1035 1549 1123 1612 mul-

172 1649 228 1706 tos
251 1644 434 1721 corruisse,
455 1646 602 1728 ingressi
618 1655 699 1712 sunt
733 1647 897 1711 audacter
927 1645 1123 1712 conflictum

171 1743 407 1824 equestrinum
433 1752 469 1809 ot
495 1746 695 1810 evisceratis
718 1746 924 1827 quibusdem
951 1764 995 1808 ex
1012 1747 1123 1827 equis,

172 1841 358 1906 multorum
371 1843 473 1907 etiam
489 1843 637 1926 cingulis
655 1845 783 1920 incisis,
795 1863 995 1908 ascensores
1004 1863 1122 1908 eorum

171 1939 352 2006 interram
375 1939 644 2008 ‘corruerunt.'⁵
695 1943 893 2026 ‘Deditque
918 1961 955 2006 se
979 1941 1121 2008 Edwar-

61 2037 63 2042 ’
170 2039 236 2104 dus
266 2041 432 2123 praedicto
458 2043 575 2107 comiti
602 2043 662 2126 qui
687 2050 770 2108 tunc
798 2043 955 2106 manibus
979 2060 1121 2106 suorum

171 2138 328 2204 elevatus
350 2149 426 2205 erat
448 2141 483 2204 in
511 2161 652 2224 equum,
668 2149 702 2206 et
724 2142 784 2205 diu
810 2159 949 2224 quoque
974 2141 1121 2223 fustiga-

171 2245 246 2301 tum
261 2226 350 2302 cum'
368 2241 497 2324 saepius
519 2261 556 2305 se
578 2241 660 2305 dare
676 2240 782 2305 vellet
803 2261 871 2306 non
893 2240 1072 2323 adquievit
1085 2241 1121 2304 in

170 2339 290 2420 primis
305 2364 314 2413 ;
339 2340 398 2403 sed
411 2359 488 2403 cunr
503 2340 683 2404 defecisset
698 2341 837 2404 tandem
851 2340 960 2405 virtus
978 2339 1066 2422 ejus,
1077 2359 1119 2404 ex

170 2443 345 2519 praecepto
363 2439 527 2503 Edwardi
544 2440 680 2504 cuidam
698 2439 798 2503 militi
816 2439 964 2522 simplici
990 2457 1028 2503 se
1052 2446 1123 2503 tra·

170 2534 268 2613 didit,
285 2545 320 2600 et
341 2538 503 2620 fugerunt
528 2539 645 2603 caeteri
669 2537 781 2613 multi,
798 2545 834 2602 et
849 2539 884 2601 in
903 2537 1022 2601 eodem
1046 2538 1122 2602 loeo
1230 2571 1233 2577 ·

171 2634 310 2716 plurimi
346 2629 596 2702 cormerunt.'⁶
657 2637 872 2719 Reversique
908 2637 1018 2700 nostri
1061 2637 1122 2700 ob·

170 2741 269 2798 tenta
293 2737 449 2814 victoria,
466 2755 544 2800 cunr
570 2755 607 2800 se
636 2736 813 2818 quiescere
842 2753 944 2818 posse
966 2735 1123 2800 securius

171 2833 359 2912 crederent,
377 2836 576 2900 nunciatum
600 2843 653 2900 est
668 2834 841 2899 Eduardo
861 2832 952 2917 quod
977 2836 1123 2917 perime·

170 2931 296 2997 bantur
313 2935 366 2997 sui
390 2935 472 2999 dum
487 2935 675 2999 transirent
691 2935 734 2998 de
755 2935 859 3000 domo
881 2935 916 2998 in
938 2934 1078 2998 domum
1102 2953 1123 2998 a

169 3031 302 3095 civibus
339 3033 512 3107 civitatis;
547 3035 735 3115 statimque
763 3040 889 3098 vocato
922 3034 1053 3116 maJore
1086 3042 1122 3097 et

169 3129 366 3211 praepositis
390 3131 542 3194 civitatis
574 3131 740 3213 praecepit
764 3131 814 3193 eis
843 3138 884 3194 ut
908 3120 994 3195 suos
1014 3132 1120 3208 cerri-

168 3233 291 3310 perent
312 3234 348 3290 et
363 3229 586 3310 castigarent,
603 3229 757 3309 alioquin
783 3229 959 3293 civitatem
974 3229 1009 3292 in
1026 3247 1119 3292 cras·

170 3327 280 3391 tinum
319 3326 516 3392 incenderet
550 3335 585 3392 et
618 3327 876 3410 complanaret:
914 3326 966 3391 illi
1003 3333 1120 3392 autern

169 3427 334 3490 abeuntes
350 3434 542 3509 posuerunt
561 3427 737 3491 custodias
750 3446 795 3490 ox
811 3427 904 3491 omni
921 3435 1021 3508 parte
1035 3427 1120 3492 civi·
1185 3471 1187 3476 -

169 3525 263 3602 tatis,
290 3533 326 3589 et
353 3527 486 3609 quievit
512 3526 704 3590 Edwardus
730 3526 766 3589 in
792 3545 888 3608 paco.
941 3524 985 3589 In
1012 3525 1119 3590 hasti-

168 3623 262 3688 ludio
287 3625 355 3690 isto
382 3625 511 3690 multus
543 3625 686 3708 sanguis
715 3624 844 3689 effusus
876 3633 941 3700 est,
972 3624 1063 3688 unde
1086 3633 1121 3689 et

168 3741 291 3786 nomen
318 3723 412 3788 illius
438 3731 611 3789 mutatum
638 3731 691 3789 est
716 3725 766 3790 ita
789 3725 883 3807 quod
912 3743 980 3788 non
998 3722 1120 3808 ‘jam’⁷

203 3971 210 4003 ¹
230 3973 238 4002 ‘
249 3974 427 4034 peremerunt,’
457 3974 535 4025 MSS.
565 3974 632 4024 Gall.
692 3972 703 4001 ⁸
719 3974 851 4025 ‘corruere
862 3973 1055 4039 compulerunt’
1063 3977 1121 4028 MS.

166 4045 238 4093 Arm.
250 4041 301 4090 and
312 4041 449 4092 Corruit.
658 4043 753 4094 Lensd.

201 4109 212 4139 ⁹
229 4112 237 4140 ‘
250 4112 418 4174 exercemnt'
430 4112 488 4162 MS.
500 4113 595 4163 Lansd.
692 4108 703 4142 ⁸
719 4113 868 4175 ‘Deditque
880 4149 904 4164 ..
917 4149 923 4164 .
938 4146 944 4161 ·
956 4115 1122 4176 corruerunt,’

204 4179 335 4242 ’‘vobis,'
347 4180 405 4231 MS.
418 4182 512 4232 Lausd.
657 4183 800 4232 omittedin
812 4183 870 4234 MS.
882 4183 949 4234 Coit.
959 4184 1018 4232 Tib.

202 4246 212 4276 ⁴
230 4249 387 4313 ‘faciemus’
399 4251 456 4302 MS.
469 4251 536 4301 Gott.
547 4251 605 4298 Tib.
692 4247 702 4279 ⁷
720 4249 846 4314 Supplied
856 4251 919 4303 from
931 4253 989 4303 MS.
1000 4253 1095 4303 Lansd.

896 4349 943 4392 Η
