3132 4988
428 458 473 526 98
801 472 1011 524 canonicor

281 649 404 740 ungu
369 648 400 692 11
431 635 516 712 su'ae,
536 632 656 700 accitis
681 642 727 698 etr
752 631 884 716 Anglia
902 632 984 696 viris
1004 631 1122 716 inopia
1140 631 1378 698 laborantibus

264 727 420 768 -.....„.·.
423 742 467 799 et
480 734 570 799 lucri
582 733 726 816 cupidis,
741 733 833 798 rires'
847 731 1015 814 paulatim
1031 741 1222 798 auxerunt·
1246 739 1282 796 et
1296 733 1381 814 quia

388 833 582 898 nondum
611 834 783 898 habebant
804 833 982 916 proprium
1004 831 1205 915 principem,
1228 851 1291 896 nec
1299 851 1378 922 pro

431 940 512 998 voto
540 941 728 1016 pastorem,
752 931 1043 998 ‘accersierunt'1
1065 951 1111 996 ex
1136 929 1267 1014 Anglia
1289 951 1378 1015 prae.-

430 1033 611 1099 ficiendum
632 1033 698 1097 sibi
714 1031 827 1096 virum
843 1032 992 1096 nobilem
1013 1038 1049 1095 et
1065 1039 1253 1115 potentem,
1269 1030 1376 1095 comi-

270 1163 338 1202 ara
340 1163 399 1203 aa
433 1137 501 1197 tem
524 1132 656 1197 scilicet
672 1131 927 1208 ‘Ricarduml
946 1130 1006 1212 qui
1026 1151 1105 1195 cnm
1119 1137 1212 1195 esset
1234 1149 1379 1213 magna-

268 1213 331 1304 ξ’,
307 1263 329 1305 1
328 1213 400 1334 „52¹3
422 1231 546 1296 nimus
566 1239 601 1296 et
622 1250 728 1314 supra
745 1231 837 1295 vires
859 1231 895 1294 in
918 1249 1149 1314 expensarum
1165 1229 1377 1314 profusione,

432 1332 614 1414 profugus,
635 1328 924 1414 amplissimisque
944 1328 1132 1414 redditibus
1155 1337 1380 1406 extenuatus,

432 1437 468 1496 et
489 1431 715 1496 creditoribus
734 1429 917 1506 obnoxius,
939 1407 1075 1495 facilius
1098 1427 1295 1512 adquievit3
1320 1449 1378 1492 ar-

432 1538 604 1594 matorum
619 1549 703 1612 ergo
720 1528 890 1612 juvenum
910 1529 1059 1611 plurima
1073 1527 1258 1612 validaque
1274 1527 1379 1593 manu

433 1636 625 1710 contracta,
640 1630 786 1693 classem
801 1648 962 1711 magnam
977 1629 1263 1694 transfretaturus
1278 1648 1381 1711 para·

271 1749 317 1788 ιι
327 1749 385 1799 ιιι
434 1730 504 1794 bat.
544 1728 700 1812 Cumque
715 1735 808 1795 esset
822 1736 968 1812 paratus
983 1729 1028 1794 ad
1043 1729 1120 1807 iter,
1136 1727 1307 1793 affirerunt
1320 1729 1381 1811 qui

270 1761 426 1898 ibiibi*
434 1848 479 1893 ex
505 1838 604 1913 parte
628 1829 720 1910 regis
737 1823 881 1892 Henrici
907 1828 1222 1893 transfretationem
1247 1828 1380 1894 inhibe·

436 1936 532 2009 rent3
560 1928 618 1994 ille
640 1946 722 1994 vero
746 1926 886 2012 majoris
906 1927 1046 1994 honoris
1066 1927 1210 2018 cupidus
1232 1947 1301 1994 non
1322 1928 1381 1992 ad-

435 2029 580 2111 quievit,
619 2027 680 2092 sed
720 2027 958 2106 transfretans,
991 2027 1233 2110 praestolantes
1265 2027 1379 2092 socios

435 2134 556 2210 optato
579 2126 772 2192 laetificavit
795 2125 959 2192 adventu.
1010 2127 1148 2212 Junctis
1166 2147 1250 2191 mox
1271 2126 1379 2209 copiis

270 2249 394 2300 captursot
433 2225 627 2291 vehementi
640 2227 771 2308 impetu
784 2226 885 2290 irruit
898 2241 1001 2310 super
1012 2226 1245 2310 Dyvelynum,
1259 2228 1378 2291 urbem

269 2261 356 2382 ⁰¹¹''¹.¹”
431 2327 651 2403 maritimam,
667 2333 862 2390 nostrarum
881 2327 980 2408 quasi
997 2325 1254 2391 Londoniarum
1269 2345 1376 2390 aemu·

431 2425 521 2499 lam;
566 2444 636 2508 qua
672 2424 807 2490 fortiter
844 2425 1068 2508 celeriterque
1104 2431 1308 2508 expugnata
1344 2434 1380 2490 et

433 2533 547 2608 capta,
574 2524 740 2607 plurimos
765 2521 871 2589 etiam
894 2524 1031 2608 longius
1053 2526 1186 2608 positos
1204 2532 1296 2589 metu
1315 2545 1380 2591 suo

433 2626 570 2690 territos
592 2625 628 2688 in
647 2623 761 2688 foedus
779 2625 894 2689 venire
915 2627 1050 2706 coegit:
1073 2624 1256 2690 insistebat
1277 2624 1380 2690 finiti-

432 2725 508 2803 mis,
526 2723 793 2789 dominationem
815 2724 984 2806 paulatim
1003 2725 1222 2807 protendens,
1239 2733 1274 2789 et
1291 2724 1379 2790 locis

431 2823 611 2905 oportunis
626 2823 832 2888 munitiones
850 2829 1063 2888 construens.
1104 2822 1215 2888 Porro
1230 2822 1381 2888 nationis

430 2923 587 2986 barbarae
602 2922 750 3004 gratiam
776 2943 837 3005 per
854 2921 1056 2988 affinitatem
1080 2923 1257 3000 affectans,
1271 2920 1380 2988 foede-

430 3023 497 3086 rati
525 3022 616 3103 regis
639 3022 744 3086 filiam
777 3041 922 3087 uxorem
953 3022 1097 3105 accepit,
1125 3042 1252 3105 magna
1280 3023 1379 3105 regni

420 3115 528 3204 ¹parte
551 3121 688 3186 nomine
713 3121 779 3185 sibi
803 3122 893 3187 dotis
920 3121 1022 3187 data:
1053 3122 1154 3207 cujus
1177 3129 1250 3186 tam
1270 3122 1379 3188 fausti

418 3239 607 3310 successus
629 3241 705 3286 cum
729 3221 802 3302 regi
823 3220 1055 3286 innotuissent
1074 3220 1279 3302 Anglorum,
1302 3243 1378 3288 mo-

427 3328 484 3386 tus
507 3328 561 3386 est
582 3341 658 3399 rex,
681 3341 722 3385 eo
744 3321 837 3404 quod
865 3340 934 3385 non
961 3320 1072 3385 solum
1094 3320 1292 3387 inconsulto
1313 3322 1375 3386 sed

426 3420 528 3484 etiam
548 3420 624 3503 ipso
645 3420 819 3485 inhibente
838 3439 910 3484 rem
933 3425 1067 3484 tantam
1088 3420 1212 3485 fuisset
1233 3439 1376 3504 aggres-

425 3539 498 3596 sus,
513 3526 549 3584 et
565 3527 673 3584 tantae
691 3516 931 3601 adquisitionis
955 3519 1102 3601 gloriam
1121 3521 1187 3584 sibi
1208 3527 1375 3604 tanquam

425 3618 636 3700 praecellenti
655 3617 881 3700 ascripsisset.
934 3619 1022 3684 Mox
1039 3637 1139 3732 omne
1156 3618 1233 3704 ejus
1247 3621 1283 3684 in
1298 3619 1375 3686 An·

458 3821 883 3926 ¹M880011.Arm.audcott.
910 3859 1002 3928 named
1021 3821 1179 3940 Strongbow,
1189 3893 1245 3930 was
1259 3883 1303 3929 not
1317 3894 1376 3941 pre-

421 3944 478 3996 Tib,
485 3946 565 3996 raad‘
574 3939 753 3998 ιοοοιιιιιιιι.’
909 3946 1093 4006 paredfortbs
1109 3949 1255 4008 expedition
1270 3963 1376 4000 assoon

908 4029 938 4066 as
950 4015 1139 4078 Fila-Stephon,
1152 4019 1203 4068 and
1217 4019 1263 4070 did
1278 4024 1323 4068 not
1333 4035 1375 4072 ar-

454 4085 533 4136 ²MS.
538 4083 633 4135 lnmd.
638 4083 725 4136 reads‘
731 4083 882 4134 Riohemun·
907 4086 960 4134 rive
983 4087 1023 4136 till
1045 4085 1109 4136 after
1130 4086 1172 4136 the
1194 4088 1325 4138 seduction
1348 4090 1379 4140 of

416 4150 629 4208 aiaenteardum’
641 4153 883 4218 Richarddefllare,
907 4154 1028 4207 Wexford
1045 4154 1095 4204 and
1115 4156 1158 4204 the
1179 4157 1379 4208 submissiones

416 4225 509 4273 second
529 4225 592 4275 Earl
607 4224 636 4273 cf
652 4224 805 4285 Pembroke,
822 4239 878 4276 sur·
906 4224 948 4273 the
960 4222 1030 4287 King
1040 4226 1070 4274 of
1078 4226 1184 4288 Ossory.
