3132 4988
421 459 590 506 wnnrnru
614 460 661 505 nn
684 460 967 508 nnnrucauncn.
1099 447 1163 512 127

206 617 337 680 facturn
364 626 418 680 est
442 617 527 680 illud
552 616 758 681 Christianae
778 617 889 699 plebis
912 618 1097 696 excidium,
1125 627 1161 685 et
1190 637 1265 684 fltnn
1274 636 1303 675 11·

207 716 300 780 caca
323 717 491 780 solemnia
514 717 608 780 nean
634 717 816 780 Michaelis
840 717 934 782 facta
955 725 1008 782 est
1032 719 1159 785 deditio
1172 685 1317 818 ff

208 822 339 880 sanctae
352 816 516 880 civitatis.
568 815 746 881 Ascalone
760 837 909 898 quoque,
926 819 1007 881 urbs
1022 818 1159 897 nobilis,

208 916 244 978 in
268 935 373 998 quam
403 922 482 997 post
504 915 665 998 proelium
690 924 832 998 propter
861 917 937 1000 ejus
962 917 1159 982 firmitatem

209 1015 310 1078 multi
351 1012 605 1079 ‘Christiani'¹
652 1016 906 1092 confluxerant,
944 1016 1160 1098 tyrannicam

208 1121 418 1195 potestatem
435 1132 504 1178 non
519 1115 629 1178 evasit
644 1135 652 1191 ;
679 1135 760 1180 nam
775 1135 837 1179 rex
853 1114 876 1178 J
879 1115 1160 1197 erosolymorum,

208 1214 269 1295 qui
298 1221 422 1296 captus
449 1214 571 1295 proelio
599 1213 722 1291 fuerat,
752 1233 828 1277 eam
850 1233 913 1296 pro
944 1232 1007 1276 sua
1035 1216 1159 1280 libera·

207 1314 302 1376 tione
317 1313 518 1394 resignavit.
563 1312 714 1395 Jamque
729 1313 805 1378 sola
821 1315 953 1377 urbium
971 1313 1158 1380 Palestinae

209 1413 292 1475 urbs
314 1412 458 1494 insignis
484 1412 598 1495 Tyrus
620 1412 888 1476 dominationem
909 1416 1160 1496 aspernabatur

208 1511 390 1576 hostilem:
425 1512 486 1575 illa
510 1531 659 1594 namque
687 1513 821 1589 civitas,
847 1521 886 1576 ut
910 1514 1060 1595 produnt
1088 1515 1157 1578 his·

207 1612 319 1687 toriae,
341 1611 564 1675 fortissimum
586 1631 703 1692 regem
727 1610 1029 1693 Nabugodonosor
1050 1614 1157 1696 prius,

208 1717 245 1773 et
279 1718 401 1792 postea
435 1730 597 1792 magnum
630 1711 727 1774 illum
767 1711 1014 1789 Alexandrum,
1048 1714 1157 1778 multo

208 1808 327 1874 labore
338 1811 525 1874 excercuit.
579 1809 688 1874 Plane
698 1811 868 1874 Dominus
880 1819 1023 1893 propter
1038 1831 1158 1877 servos

207 1928 302 1985 suos,
320 1917 360 1972 ut
382 1910 535 1972 venturis
561 1909 765 1974 Christianis
787 1919 908 1991 aptum
931 1931 1000 1973 uon
1024 1911 1159 1976 deesset

207 2009 474 2091 receptaculum,
489 2010 609 2072 urbem
623 2009 711 2073 hanc
726 2017 892 2091 tanquam
908 2027 1053 2090 granum
1066 2010 1158 2073 botri

207 2107 380 2171 modicum
393 2128 456 2190 pro
473 2108 710 2172 benedictione
726 2129 794 2173 non
808 2108 943 2171 modica
956 2109 1155 2174 reservavit.

209 2207 255 2270 Et
278 2209 360 2290 quia
378 2208 448 2271 t'ere
474 2214 551 2271 tota
575 2209 662 2272 mari
683 2209 844 2284 ambitur,
868 2213 971 2289 portu
1001 2208 1156 2289 gaudens

208 2307 394 2385 tutissimo,
412 2307 595 2370 Saladinus
610 2328 687 2372 eam
705 2309 907 2372 obsessurus
930 2307 1041 2372 classe
1065 2308 1156 2373 cirea
1168 2333 1261 2383 aaran

207 2408 328 2470 urbem
353 2407 521 2489 disposita
536 2406 647 2471 modis
665 2408 822 2471 omnibus
848 2427 925 2471 eam
946 2408 1078 2471 studuit
1094 2429 1155 2492 op·
1168 2385 1229 2433 Tm

207 2525 375 2588 pugnare.
419 2506 549 2571 Eodem
561 2514 714 2589 tempore
730 2507 882 2571 marchio
899 2506 989 2570 filins
1006 2508 1154 2571 marchi·

207 2607 284 2668 onis
301 2607 344 2669 de
363 2606 632 2670 Monte-ferrato
654 2606 779 2670 ibidem
797 2626 875 2669 cum
896 2624 1023 2688 magna
1044 2606 1154 2671 classe

208 2705 409 2782 advenerat,
432 2705 523 2789 patri
545 2725 607 2768 suo
624 2707 683 2788 qui
698 2707 733 2768 in
749 2706 914 2788 praedicto
929 2706 1020 2769 bello
1037 2705 1153 2770 Chris-

204 2804 380 2869 tianorum
396 2806 509 2869 fuerat
529 2805 715 2884 astiturus;
743 2807 802 2887 qui
819 2813 960 2887 accepta
980 2825 1001 2868 a
1022 2806 1154 2868 civibus

205 2904 384 2981 fidelitate,
422 2911 456 2968 et
494 2906 699 2986 praeparatis
735 2905 881 2969 navibus
918 2924 995 2968 curn
1030 2906 1154 2986 quibus

207 3011 362 3081 venerat,
382 3004 498 3068 navali
518 3005 643 3086 proelio
669 3005 791 3068 statuit
817 3023 894 3066 cum
910 3003 1026 3068 hostili
1044 3005 1155 3068 classe

206 3104 412 3186 confligere3
443 3103 534 3186 quod
567 3112 602 3167 et
632 3102 761 3167 factum
794 3111 847 3166 est
878 3104 954 3167 Deo
983 3105 1153 3186 propitio;

207 3211 243 3266 et
256 3223 349 3267 caesa
363 3203 420 3268 vel
434 3205 612 3267 submersa
627 3203 846 3267 multitudine
866 3202 1027 3278 hostium,
1048 3222 1155 3266 navas

205 3302 389 3367 nonnullas
419 3302 463 3366 ad
493 3310 630 3385 portum
661 3302 881 3375 reduxerunt,
911 3308 946 3364 et
975 3309 1154 3382 spectante

207 3402 371 3466 Saladino
386 3409 520 3466 caeterae
536 3421 609 3465 suae
624 3421 731 3466 naves
743 3409 783 3466 ut
796 3399 982 3463 evaderent
995 3399 1154 3483 litoribus

206 3501 397 3567 alliserunt.
450 3501 530 3579 Quo
557 3520 640 3565 casu
668 3503 719 3565 ita
746 3508 800 3564 est
824 3499 1084 3575 consternatus..
1102 3507 1153 3575 ut,

205 3601 354 3666 incensis
372 3601 538 3664 machinis
559 3608 594 3664 et
612 3601 727 3664 soluta
748 3598 936 3676 obsidione,
949 3597 1152 3676 discederet,

207 3701 291 3763 nihil
302 3700 447 3765 ulterius
457 3708 579 3764 contra
590 3699 731 3763 eandem
748 3700 868 3762 urbem
883 3717 1040 3762 ausurus.
1064 3698 1150 3762 Mox

204 3800 239 3862 in
260 3800 347 3863 fines
371 3799 604 3863 Antiochenos
628 3799 896 3862 debacchantem
913 3798 1083 3862 convertit
1097 3805 1153 3879 ty-

205 3898 395 3976 rannidem,
411 3906 446 3964 et
463 3906 568 3981 capta
582 3897 749 3962 Laodicia
766 3918 844 3961 cum
866 3897 983 3960 multis
1001 3896 1154 3972 urbibus,

203 3999 315 4080 ipsam
332 4017 470 4082 quoque
485 3998 672 4061 maximam
691 3998 866 4062 civitatem
884 3997 935 4059 ita
952 3994 1154 4068 coarctavit,

478 4197 484 4227 ¹
503 4199 629 4260 supplied
639 4199 701 4246 from
714 4197 771 4247 Ms.
785 4195 880 4244 Lansd.
