3132 4996
402 469 573 519 wnnrniu
597 469 645 516 nn
666 467 949 516 neniuenunon.
1107 450 1152 514 25

813 549 825 578 Ι

194 623 311 706 paruit
324 625 409 704 regi
424 621 601 702 Willelrno
625 621 717 704 apud
742 621 979 698 Gloverniam‚
994 629 1045 698 ut,
1059 623 1150 686 sicut
1170 633 1305 724 {12¹⁸de-

195 742 217 786 a
234 723 456 804 magnatibus
480 723 657 802 utriusque
672 722 770 802 regni
793 721 1058 804 praeordinaturn
1074 721 1149 784 fue·
1163 733 1309 814 iffi*

195 829 264 898 rat,
286 823 376 885 inter
399 841 458 885 eos
487 840 558 903 pax
580 821 679 884 firma
704 828 739 883 et
763 820 896 884 stabilis
922 821 1072 884 amicitia
1093 815 1303 910 tir-ilssfflt,

195 928 360 984 meretur.
422 920 489 984 Sed
520 940 582 990 rex
607 918 804 984 Willelmus
832 939 895 984 nec
920 939 998 982 eum
1022 912 1312 1001 alloquiffll'ffl‘l·

196 1017 308 1083 voluit
321 1039 385 1084 nec
408 1019 544 1097 videre;
568 1019 770 1100 quinetiam,
786 1017 821 1080 in
838 1019 1035 1100 superbiam
1057 1038 1151 1082 erec·

195 1127 267 1195 tue,
279 1139 358 1182 eum
373 1118 652 1201 parvipendendo
666 1117 845 1199 despexit3
868 1118 1008 1199 insuper
1023 1125 1058 1182 et
1073 1137 1152 1182 enm

196 1218 430 1298 constringere
445 1216 555 1284 voluit
569 1225 608 1282 ut
627 1218 663 1282 in
687 1216 783 1280 curia
804 1235 870 1280 sua
892 1215 1081 1281 secundum
1091 1217 1151 1300 ju·

197 1316 325 1380 dicium
349 1318 519 1380 baronum
543 1335 684 1379 suorum
709 1315 947 1380 rectitudinem
971 1315 1036 1380 sibi
1057 1315 1149 1379 face-

199 1422 252 1477 ret
278 1422 315 1478 et
340 1416 532 1500 justitiam:
563 1414 624 1478 sed
653 1433 694 1478 eo
717 1415 942 1497 respondente
971 1413 1063 1496 quod
1085 1415 1288 1482 boensem«

198 1533 268 1576 non
290 1513 420 1577 faceret
447 1515 512 1577 nisi
537 1515 573 1578 in
597 1513 742 1577 confinio
764 1514 943 1594 regionum
967 1515 1028 1577 ubi
1052 1522 1149 1578 ante·
1162 1491 1282 1590 ddlfda

197 1631 352 1679 cessores
371 1613 427 1676 sui
441 1613 678 1676 rectitudinem
700 1611 814 1676 facere
837 1620 1102 1689 consueverant·
1116 1621 1150 1678 ct
1161 1593 1277 1680 {diffidi

196 1712 387 1774 secundum
412 1712 581 1797 judicium
613 1712 797 1794 primatum
833 1711 1012 1793 utriusque
1040 1713 1150 1794 regni,

167 1797 170 1802 ’
195 1810 388 1892 impacatus
402 1811 577 1874 abscessit,
631 1810 788 1892 Moxque
807 1831 885 1874 curn
904 1819 994 1874 esset
1007 1831 1150 1892 regnum

197 1929 299 1972 suum
331 1910 506 1992 ingressus
534 1910 737 1974 immensum
766 1910 990 1990 congregavit
1019 1912 1149 1974 exerci-

197 2015 284 2085 tum,
306 2016 341 2072 et
356 2027 538 2091 erumpens
558 2028 636 2073 cum
655 2009 882 2090 primogenito
900 2026 964 2070 suo
980 2007 1151 2072 Eduardo

200 2105 484 2172 Northumbriam
506 2107 675 2172 hostiliter
699 2106 838 2181 invasit,
862 2106 1050 2170 devastans
1075 2127 1151 2171 eam

199 2213 234 2270 et
261 2207 445 2270 incendens
484 2226 595 2288 usque
631 2202 816 2288 Alnewyk‚
849 2205 908 2268 ubi
937 2224 958 2268 a
987 2205 1151 2270 militibus

198 2303 395 2370 ‘Roberti'1
412 2304 667 2370 Northumbriae
685 2304 831 2380 comitis,
847 2303 1007 2368 Morello²
1022 2306 1151 2371 scilicet

196 2403 308 2467 milite
333 2405 580 2481 strenuissimo,
603 2404 657 2467 die
672 2403 790 2468 Sancti
806 2404 931 2468 Briccii
949 2404 1151 2483 occisus-est
1165 2426 1188 2466 1·
1196 2427 1257 2476 nna

198 2523 277 2566 curn
303 2503 459 2568 filiosuo
482 2502 664 2579 Eduardo,
687 2503 785 2566 caesis
805 2502 922 2566 multis
944 2502 1031 2580 aliis,
1046 2511 1081 2568 et
1096 2526 1148 2570 re·
1162 2476 1306 2576 dddfflm

197 2602 301 2683 liquis
323 2603 359 2666 in
379 2602 499 2683 fugam
521 2602 705 2667 conversis.
751 2601 797 2668 Et
813 2602 912 2684 justo
935 2603 1002 2666 Dei
1018 2603 1149 2686 judicio
1162 2577 1309 2676 illidii.

196 2701 305 2764 inilla
316 2702 492 2784 provincia
502 2701 663 2766 occubuit
674 2719 777 2782 quarn
788 2701 986 2765 multotiens
995 2701 1150 2784 depopua
1162 2678 1310 2717 'mmm'

197 2798 302 2863 lando
317 2802 451 2864 attrivit
467 2821 476 2882 3
499 2806 648 2882 quatuor
663 2800 752 2862 enim
770 2799 902 2863 vicibus
917 2818 993 2864 eam
1011 2802 1149 2866 attrive-

197 2907 265 2976 rat,
281 2906 316 2963 et
332 2900 367 2962 in
381 2900 502 2981 quinta
516 2900 592 2964 rr'ce
606 2919 685 2962 cum
699 2918 768 2980 quo
782 2900 895 2980 potuit
908 2900 1061 2964 exercitu
1072 2921 1148 2966 eam

198 2998 340 3075 invasit,
363 2999 495 3080 ipsam,''
505 2998 535 3062 si
557 3005 683 3081 posset,
700 2999 735 3061 in
761 2997 918 3062 ultimam
939 2998 1148 3064 deducturus

199 3096 455 3162 desolationem.
500 3096 568 3161 Sed
589 3104 723 3162 mutata
744 3096 882 3161 fortuna
894 3097 1001 3181 juxta
1022 3098 1148 3162 flumen

200 3194 292 3259 Alne
313 3197 502 3278 perimitur,
517 3203 556 3260 ut
578 3196 707 3260 dictum
729 3204 801 3276 est;
825 3203 860 3260 et
883 3197 1055 3260 exercitus
1077 3203 1147 3260 ‘re-

198 3294 284 3376 liqui
328 3293 424 3377 qui'³
460 3294 593 3376 gladios
637 3295 828 3376 effugerant
871 3294 1150 3358 inundationibus

198 3393 389 3470 fluminum,
412 3413 490 3475 quae
513 3402 595 3457 tunc
617 3393 819 3457 hiemalibus
840 3390 966 3473 pluviis
988 3392 1065 3474 plus
1094 3407 1149 3455 so-

198 3492 261 3555 lito
276 3499 513 3568 excreverant,
525 3493 678 3574 absorpti
692 3499 781 3554 sunt.
818 3489 951 3573 Corpus
961 3510 1044 3555 vero
1058 3492 1149 3573 regis

199 3598 235 3654 et
261 3592 488 3655 cruentissimi
514 3591 681 3658 carnificis
699 3591 767 3653 duo
786 3610 830 3654 ex
852 3590 1031 3670 indigenis,
1051 3611 1150 3656 carro

191 3690 409 3772 impositum,
436 3697 618 3754 traxerunt
643 3690 687 3753 ad
717 3690 915 3772 Tynemew,
946 3697 981 3753 et
1004 3691 1148 3773 sepelie-

199 3795 281 3852 runt
305 3789 390 3852 illud
417 3789 474 3865 ibi,
506 3789 687 3852 nonenim
713 3797 787 3852 erat
813 3809 855 3852 ex
878 3791 1034 3853 omnibns
1061 3791 1150 3854 caris

235 3951 243 3982 ¹
261 3956 375 4006 Omitted
389 3955 561 4005 miracoli.
574 3956 661 4014 Arm·;
688 3955 870 4004 Northumbria
889 3956 915 4004 in
937 3960 1011 4017 1090,
1032 3957 1079 4004 but
1095 3972 1149 4006 was

199 4026 208 4052 ‘
219 4026 264 4074 ubi
275 4041 292 4074 a
302 4027 425 4075 militibus
435 4025 625 4074 Nerthumbriae
637 4029 663 4072 et
687 4025 809 4085 deprived
826 4025 864 4072 for
874 4029 973 4072 naason
987 4027 1065 4072 about
1077 4030 1149 4088 1095,

169 4141 171 4144 .
199 4109 215 4142 a
235 4095 343 4144 Morello
368 4095 449 4146 milite
472 4094 663 4155 strenuissimo,'
688 4094 934 4142 anddiedinilos.

200 4165 257 4214 MS.
269 4164 336 4214 cott.
347 4164 405 4214 Tib.
433 4165 528 4213 Robert
539 4165 571 4212 de
582 4165 663 4212 Mow·
715 4161 725 4190 ²
742 4161 850 4222 Morael,
862 4161 904 4208 the
916 4161 991 4210 earl's
1002 4163 1121 4212 steward.

198 4234 261 4296 bray
283 4232 402 4286 obtained
428 4234 472 4282 tbe
500 4233 610 4283 earldom
639 4233 667 4281 of
716 4230 1147 4295 ³⁴reliquiaequae‚'MS.Goll.Arm.
