3134 4990
447 519 617 566 warram
643 519 689 564 nu
713 517 996 564 unrnNcnuacu.
1127 502 1193 566 267

243 696 319 739 nem
348 675 427 737 inde
455 675 573 738 fecerit
599 675 653 737 vel
680 681 830 748 vastum,
858 675 997 737 amittat
1020 671 1192 754 ‘ipsam'¹
1219 697 1294 744 aaa
1304 697 1347 736 111.

244 773 447 848 custodiam,
463 780 498 836 et
512 774 671 836 tradatur
687 772 821 836 duobus
836 773 1003 853 legalibus
1019 779 1053 836 et
1068 771 1193 835 discre-
1206 748 1354 873 ξ’-Ρὶ-Ψ-ῧὲ

244 874 287 936 tis
310 873 505 935 hominibus
529 870 572 934 de
597 872 698 934 feodo
723 871 796 948 illo,
826 873 885 952 qui
910 871 1065 935 similiter
1095 872 1194 934 nobis
1207 845 1293 924 cffi-

243 970 486 1053 respondeant,
502 970 591 1033 sicut
607 970 811 1051 praedictum
826 977 889 1034 est.
936 969 1063 1034 Custos
1078 978 1193 1033 autern

211 1070 407 1151 aquamdiu
431 1069 623 1132 custodiam
651 1078 753 1132 terrae
779 1067 995 1132 ‘habuerit'2
1024 1076 1193 1132 sustentet

244 1170 373 1244 domos,
405 1165 598 1249 ‘parcoS,'³
639 1176 776 1248 stagna,
810 1167 1017 1242 molendina,
1050 1174 1085 1231 et
1126 1186 1193 1230 cae·

244 1276 320 1331 tera
357 1267 401 1328 ad
439 1273 565 1330 terram
601 1266 695 1330 illam
735 1267 939 1348 pertinentia
970 1266 1012 1329 de
1043 1266 1193 1328 exitibus

246 1376 345 1428 terrae
361 1365 526 1448 ejusdem,
544 1371 579 1428 et
601 1364 723 1428 reddat
745 1365 872 1428 haeredi
887 1384 965 1427 cum
993 1364 1037 1427 ad
1057 1363 1193 1446 plenam

245 1471 383 1528 aetatem
404 1465 599 1545 pervenerit
621 1472 748 1526 terram
772 1482 870 1526 suam
896 1470 1004 1526 totam
1021 1462 1192 1525 instaura-

194 1564 231 1621 10
247 1571 316 1626 tam
349 1563 391 1625 de
421 1563 554 1625 carucis
586 1570 621 1625 et
651 1559 864 1625 ‘omnibus'4
896 1561 973 1624 aliis
1003 1562 1116 1634 rebus,
1149 1561 1192 1623 ad

245 1662 358 1724 minus
381 1661 590 1724 ‘secundum
619 1655 743 1741 quod'⁵
773 1659 868 1722 illam
898 1660 1036 1741 recepit.
1103 1659 1192 1722 Haec

245 1763 360 1823 omnia
368 1759 815 1824 observenturdecustodiis
826 1757 1193 1842 archiepiscopatuum,

245 1859 517 1940 episcopatuum,
542 1859 768 1933 abbatiarum,
790 1857 1016 1938 prioratuum,
1032 1856 1192 1918 ecclesia-

245 1977 331 2034 rum,
356 1966 390 2021 et
413 1957 619 2036 dignitatum
637 1956 844 2031 vacantium,
870 1974 948 2035 quae
969 1955 1012 2017 ad
1029 1973 1093 2017 nos
1115 1973 1192 2034 per·

194 2054 231 2111 15
246 2057 367 2133 tinent,
390 2062 537 2136 excepto
560 2055 652 2136 quod
679 2053 876 2137 hujusmodi
899 2053 1064 2116 custodiae
1092 2053 1193 2116 vendi

245 2175 312 2218 nou
330 2155 464 2218 debent.
518 2153 686 2218 Haeredes
704 2153 908 2217 maritantur
925 2153 1055 2232 absque
1077 2151 1191 2232 dispa-

245 2255 436 2335 ragatione.
488 2251 606 2316 Vidua
620 2259 700 2334 post
715 2259 858 2315 mortem
873 2252 989 2314 mariti
1004 2250 1058 2313 sui
1075 2251 1191 2313 statim

245 2361 281 2416 et
317 2354 390 2416 sine
427 2351 628 2415 difficultate
664 2352 781 2432 aliqua
816 2351 941 2414 babeat
973 2349 1191 2429 maritagium

246 2471 346 2514 suum
369 2460 404 2515 ct
424 2450 656 2514 haereditatem
681 2469 791 2525 suam,
811 2469 874 2512 nec
894 2448 1023 2529 aliquid
1048 2446 1106 2510 det
1129 2467 1191 2528 pro

193 2559 232 2615 20
246 2549 326 2613 dote
338 2569 414 2626 sua,
431 2545 516 2612 ‘vel’
527 2539 540 2582 ⁶
550 2568 613 2630 pro
624 2549 806 2629 maritagio
820 2567 895 2623 suo,
904 2548 960 2610 vel
974 2567 1035 2628 pro
1047 2546 1191 2608 baeredi-
1241 2567 1243 2570 ·

246 2656 317 2712 tate
335 2667 411 2724 sua,
427 2667 531 2730 quam
546 2647 782 2711 haereditatem
806 2647 949 2709 maritus
964 2663 1048 2708 suus
1065 2652 1100 2707 et
1115 2645 1192 2724 ipsa

244 2756 428 2810 tenuerunt
444 2737 549 2809 ‘die'7
566 2746 680 2810 obitus
691 2746 800 2827 ipsius
817 2745 950 2808 ‘mariti
958 2740 994 2823 ;’Β
1009 2751 1044 2807 et
1053 2750 1192 2805 maneat

245 2846 280 2908 in
309 2847 453 2928 capitali
483 2845 678 2926 messuagio
709 2841 874 2925 ‘ipsius’⁹
903 2843 1018 2906 mariti
1046 2842 1100 2904 sui
1131 2860 1192 2921 per

245 2944 477 3025 quadraginta
491 2942 563 3006 dies
579 2951 657 3025 post
671 2943 802 3006 obitum
817 2937 980 3022 ‘ipsius’⁹
997 2940 1111 3004 mariti
1126 2940 1191 3014 sui,

192 3061 231 3120 25
245 3044 336 3106 inira
353 3038 507 3124 ‘quos’²⁰
524 3043 722 3123 assignetur
741 3042 772 3105 ei
791 3041 852 3104 dos
875 3060 950 3116 sua,
967 3039 1034 3102 nisi
1049 3039 1143 3119 prius
1161 3038 1192 3100 ei
1256 3085 1259 3091 .

245 3143 347 3205 fuerit
366 3143 544 3222 assignata
567 3141 622 3204 vel
650 3141 715 3203 nisi
737 3139 859 3204 domus
880 3139 941 3200 illa
962 3137 1009 3200 sit
1030 3142 1192 3211 castrum,

245 3241 330 3304 etsi
356 3242 398 3304 de
423 3248 538 3303 castro
564 3239 743 3302 recesserit
770 3238 889 3301 statim
915 3234 1138 3316 provideatur
1162 3235 1193 3296 ei

245 3339 366 3402 domus
391 3345 587 3419 competens
609 3338 644 3399 in
668 3356 737 3418 qua
763 3336 874 3417 possit
899 3334 1042 3396 honeste
1067 3332 1192 3394 morari

245 3457 424 3519 quousque
452 3436 514 3500 dos
542 3454 606 3500 sua
632 3437 663 3499 ei
690 3436 896 3514 assignetur,
923 3428 1081 3494 ‘sicut'¹¹
1105 3449 1193 3511 prae·

191 3566 230 3622 30
244 3536 372 3600 dictum
383 3543 456 3614 est;
473 3542 507 3599 et
519 3535 644 3598 habeat
660 3533 864 3597 rationabile
875 3529 1082 3594 estoverium
1093 3547 1193 3590 suum

242 3637 381 3699 interim
391 3634 433 3699 de
443 3634 637 3705 communi;
656 3632 852 3712 assignetur
864 3637 978 3694 autem
991 3629 1022 3691 ei
1034 3647 1097 3708 pro
1113 3627 1194 3690 dote
1254 3709 1255 3714 ἵ

243 3754 307 3798 sua
333 3735 434 3798 tertia
455 3752 535 3814 pars
557 3733 664 3795 totius
686 3738 786 3794 terrae
809 3729 924 3792 mariti
946 3727 1011 3803 sui,
1032 3746 1108 3807 quae
1130 3743 1195 3787 sua

246 3840 1191 3864 ..Μ

279 3916 286 3947 1
304 3918 410 3966 qnam)
775 3909 785 3946 ⁷
801 3912 896 3961 ‘simul
907 3911 967 3959 die!

278 3985 289 4016 ⁹
304 3987 466 4048 ‘hujusmodi
477 3985 612 4034 habuerit!
777 3995 787 4023 ¹
804 3996 903 4044 ‘mariti
914 3995 973 4042 sui!

278 4054 288 4084 ³
304 4056 420 4117 ‘parcos,
432 4054 549 4102 vivaria)
775 4079 785 4110 ῃ
803 4079 924 4128 Omitted·

278 4123 287 4152 ⁴
306 4126 354 4172 ‘de
366 4119 502 4173 omnibus!
771 4163 790 4195 ω
807 4165 815 4192 ι
920 4163 924 4174 ,
966 4161 974 4182 ,

277 4191 287 4221 r
305 4194 406 4243 ‘nieuw
823 4177 887 4225 quos
900 4163 964 4211 dies.

278 4260 288 4291 ὅ
305 4262 388 4310 ‘nec'
772 4247 789 4278 ¹¹
808 4248 962 4298 ‘secundum
976 4245 1062 4307 quod!
