3122 4982
422 483 489 548 226
795 494 1005 544 canonicos

276 672 371 763 pag-35
374 671 399 760 ⁹17·
427 655 587 737 utrinque
606 652 816 735 competenti
833 659 867 714 ct
886 649 1056 714 tolerabili
1073 650 1308 733 redemptione
1325 671 1380 714 re-

255 749 538 818 ···'·*·-'laxari
556 758 780 816 mererentur.
826 750 947 814 Soluto
961 750 1070 830 igitur
1084 758 1270 826 conventu,
1290 750 1381 813 mili·

427 855 582 918 tantibus
602 851 751 916 facultas
773 848 855 913 data
877 859 930 913 est
952 850 997 912 ad
1019 851 1160 931 propria
1184 851 1378 913 remeandi:

428 960 463 1016 et
486 950 586 1016 fessae
613 949 800 1033 provinciae
825 967 969 1032 pausam
1001 948 1170 1012 modicam
1199 956 1380 1029 gratanter
1460 931 1465 940 ¹

429 1060 665 1133 susceperunt.

475 1297 477 1300 ·
529 1271 662 1337 Interim
678 1271 746 1335 Bac
762 1267 923 1339 Ricardas
941 1268 1090 1351 Goplord
1103 1269 1282 1334 conante-il.

484 1444 614 1509 Eodem
639 1451 794 1525 ternpore
818 1443 962 1506 illustris
984 1459 1047 1504 rex
1081 1439 1253 1505 Ricardns
1289 1443 1382 1524 apud

432 1546 546 1608 vicum
568 1543 626 1625 qui
643 1539 877 1624 Andelaycus¹
899 1541 1042 1612 dicitur;
1068 1559 1171 1622 quem
1186 1539 1300 1604 locum
1318 1561 1382 1623 pro

432 1644 577 1708 tuitione
600 1641 822 1706 Normanniaa
843 1647 958 1704 castro
974 1637 1204 1704 construendo
1228 1659 1291 1704 rex
1307 1641 1383 1721 ipse

434 1748 590 1806 notasset
612 1741 849 1822 aptissimum
881 1748 1033 1803 castrum
1056 1738 1170 1802 nobile
1192 1739 1284 1821 quod
1307 1740 1384 1803 vul-

292 1915 329 1944 Μ
383 1913 395 1942 ⁰
435 1842 566 1923 garitcr
599 1839 725 1903 dicitur
742 1837 933 1903 Castellum
958 1836 1128 1920 Gayllard
1151 1857 1196 1902 ex
1222 1838 1384 1920 opposito

436 1939 581 2004 manerii
605 1939 659 2002 sui
687 1937 729 2002 de
750 1936 920 2012 Aundele,
945 1936 1148 2018 interposito
1171 1938 1309 2001 flumine
1340 1938 1385 2002 de

368 2029 374 2042 ⁶
436 2037 602 2115 Aundel,²
633 2035 782 2119 profusis
799 2084 801 2088 -
816 2036 917 2099 valde
953 2037 1147 2118 sumptibus
1183 2036 1383 2113 aedificavit,

436 2145 563 2202 natura
585 2137 652 2200 loci
672 2135 873 2200 mirabiliter
888 2135 1056 2218 juvante:
1081 2135 1177 2200 locus
1193 2143 1311 2201 autem
1325 2135 1385 2199 ille

436 2245 511 2301 erat
529 2235 708 2316 antiquum
729 2233 972 2316 patrimonium
995 2234 1148 2298 ecolesiae
1171 2235 1388 2300 ‘Rothoma-

437 2336 553 2416 gensis
565 2332 609 2398 :⁹³
630 2333 691 2396 sed
706 2333 787 2415 quia
800 2333 945 2416 timebat
961 2353 1024 2396 rex
1040 2333 1213 2400 Ricardus
1237 2355 1282 2398 ne
1298 2335 1390 2398 forte

439 2433 529 2496 idem
544 2433 641 2496 locus
656 2431 700 2494 ad
723 2431 788 2494 hoe
805 2432 919 2513 ipsum
941 2432 1111 2497 hostiliter
1126 2441 1353 2514 occuparetur
1368 2453 1391 2496 a

305 2555 388 2585 ιιοιιιο
440 2551 522 2614 rege
544 2531 755 2594 Francorum
775 2530 921 2594 eundem
942 2530 1044 2594 duxit
1065 2534 1390 2614 praeoccupandum.

299 2656 322 2684 ιιι
344 2655 371 2683 ιι
443 2632 553 2715 Cujus
576 2632 625 2694 rei
641 2631 752 2693 'causa
776 2637 854 2692 orta
876 2630 942 2694 suit
969 2628 1135 2694 dissentio
1159 2632 1249 2694 inter·
1273 2652 1390 2712 regem

276 2705 408 2833 οιῖῑζὲῃιιι
443 2730 632 2795 Ricardum
656 2736 691 2792 et
710 2728 906 2792 Walterum
928 2729 1244 2811 Rothomagensem
1278 2731 1393 2794 archi·

385 2818 391 2831 ⁸
412 2877 415 2882 ,
440 2829 640 2910 episcopum
656 2827 716 2908 qui
730 2827 765 2889 in
782 2828 873 2908 regis
886 2828 1163 2909 peregrinatione
1180 2837 1215 2892 et
1225 2829 1393 2893 Aleman-

441 2927 520 2989 nica
545 2925 742 2990 detentione
768 2924 909 3006 Anglici
933 2927 1032 3007 regni
1054 2936 1258 3009 procurator
1283 2928 1395 2994 fidelis

443 3025 627 3103 extiterat;
651 3023 848 3106 appellante
871 3025 1129 3110 archiepiscopo
1148 3028 1191 3092 ad
1211 3035 1395 3110 papamet

443 3124 711 3207 appellationem
727 3128 987 3206 ‘prosequente
999 3125 1061 3188 sed
1074 3123 1249 3211 accepto'⁴
1263 3147 1286 3190 a
1301 3145 1396 3209 papa

444 3243 610 3306 responso
638 3223 730 3305 quod
761 3223 934 3304 patienter
958 3225 1143 3290 sustineret
1169 3211 1414 3308 quoadusque

447 3341 518 3405 pax
540 3324 643 3405 plena
663 3323 754 3386 inter
779 3341 878 3402 reges
901 3330 993 3386 esset
1015 3324 1211 3402 reformata,
1234 3346 1398 3390 reversus

283 3445 419 3544 ssfflg‘·
448 3429 513 3498 est,
537 3429 572 3485 et
597 3421 647 3485 sic
673 3440 751 3484 eum
779 3440 863 3502 rege
886 3423 1126 3489 concordatus.
1172 3425 1276 3489 ‘Rex
1306 3427 1398 3490 enim

284 3544 437 3643 zamae
450 3539 511 3602 pro
545 3519 712 3602 praedicto
741 3519 819 3584 rico
854 3519 1052 3602 litigioso'⁵
1088 3523 1259 3588 morosum
1298 3525 1399 3588 illum

285 3644 347 3685 retra
448 3620 562 3682 vicum
589 3619 796 3682 maritimum
824 3619 884 3700 qni
901 3620 1003 3702 Depa
1029 3622 1166 3698 dicitur,
1182 3614 1400 3688 ‘ecclesiae'⁶

486 3885 493 3914 ¹
511 3869 735 3939 Andeli-lc-Petit.
970 3851 1178 3959 ’‘'liothomagiss
1190 3897 1247 3947 MS.
1261 3898 1330 3949 eoa.
1341 3902 1403 3953 Tib.

483 3955 494 3986 ³
509 3960 533 4007 A
544 3959 610 4007 river
621 3959 651 4006 ol
658 3959 817 4020 Nomium,
824 3953 910 4010 which
970 3960 980 3990 ⁴
991 3965 998 3992 ‘
1008 3971 1402 4033 prosequentemaccepitfnrs.

448 4030 523 4080 takes
535 4029 568 4078 its
579 4029 630 4078 rise
641 4043 702 4078 near
714 4029 752 4078 La
763 4029 849 4091 Ferte,
860 4032 910 4080 and
935 4033 1032 4084 Lensd.

448 4100 508 4148 falls
525 4100 577 4147 into
595 4099 637 4148 the
653 4099 728 4148 Scine
739 4114 800 4148 over
811 4101 912 4161 against
970 4101 980 4130 ⁶
997 4103 1050 4152 ‘Et
1060 4119 1106 4153 rex
1117 4119 1163 4167 pro
1170 4106 1215 4155 illo
1227 4106 1330 4171 litigios
1341 4111 1403 4162 MS.

450 4169 517 4216 Pont
528 4169 560 4216 de
572 4167 685 4231 l’Arche,
695 4169 775 4217 about
784 4174 827 4217 ten
838 4171 911 4220 miles
936 4172 1032 4224 unsa

449 4238 528 4285 above
541 4237 638 4286 Rouen.
971 4239 1114 4291 ‘Omitted
1127 4245 1154 4291 in
1166 4244 1223 4296 Ms.
1236 4246 1303 4296 Goll.
1314 4249 1390 4300 Arm.
