3130 4990
383 465 448 530 288
752 481 962 529 cnaomcon

229 653 358 742 fegrpggg·
385 659 447 704 vos
464 648 567 721 prout
581 649 716 724 spectat
740 643 785 706 ad
808 640 954 706 officinm
970 648 1123 705 vestrum
1139 640 1334 704 libertatem

224 730 373 768 -“··’··“-
385 739 652 805 ecclesiasticam
668 743 703 804 in
725 762 831 822 regno
855 741 994 821 Angliae
1017 740 1185 804 illibatam
1202 740 1245 803 ab
1261 759 1334 802 om-

385 839 484 901 nibus
517 841 701 916 observari,
734 861 811 904 cum
839 841 1018 904 voluntate
1045 859 1086 902 ac
1117 839 1332 921 beneplacito

385 937 576 1001 charissimi
600 938 661 1002 filii
683 941 791 1003 nostri
822 939 966 1003 Henrici
988 939 1133 1002 illustris
1150 939 1242 1018 regis
1257 936 1332 1001 An-

386 1036 465 1116 gliae
496 1038 530 1098 in
564 1057 684 1102 omnes
715 1039 793 1102 illos
824 1040 883 1121 qui
911 1037 1081 1102 malitiose
1112 1057 1154 1100 ac
1185 1038 1333 1100 scienter

386 1122 549 1200 ecclesias
583 1137 675 1202 illius
708 1139 806 1218 regni
833 1157 897 1202 suo
922 1137 1003 1220 jure
1032 1136 1244 1219 privaverint
1276 1136 1333 1199 vel

386 1236 620 1316 spoliaverint,
647 1245 682 1302 et
708 1237 884 1302 libertates
908 1236 1159 1301 ecclesiasticas
1184 1242 1219 1299 et
1242 1235 1332 1298 anti-

387 1353 474 1415 quas
507 1337 605 1417 regni
633 1338 896 1401 consuetudines
935 1354 1013 1417 quae
1045 1335 1264 1398 continentur
1296 1333 1333 1396 in

386 1439 483 1496 carta
515 1436 686 1498 communi
717 1435 914 1499 libertatum
945 1442 981 1499 et
1016 1435 1059 1498 de
1088 1434 1218 1498 foresta
1248 1452 1333 1496 con-

385 1541 500 1595 cessas
516 1551 537 1595 a
552 1532 691 1596 domino
706 1554 788 1616 rege
803 1535 901 1598 vobis
917 1541 952 1598 et
972 1534 1049 1597 aliis
1064 1533 1218 1616 ejusdem
1234 1532 1332 1612 regni

386 1630 540 1712 praelatis
550 1631 1331 1716 violaverint,‘infregerint,'¹diminuerint,seu

386 1731 607 1807 mutaverint,
623 1740 658 1797 et
681 1733 741 1814 qul
763 1740 885 1797 contra
906 1733 985 1796 illas
1002 1738 1137 1796 statuta
1162 1730 1332 1794 ediderint

389 1828 443 1892 vel
464 1829 557 1893 edita
576 1831 847 1909 observaverint,
865 1831 1132 1896 consuetudines
1148 1829 1330 1893 introdux-

388 1929 489 2006 erint,
507 1929 562 1992 vel
585 1933 800 1996 servaverint
821 1931 1049 2007 introductas,
1072 1949 1203 1992 necnon
1220 1927 1330 2009 scrip-

386 2034 490 2104 tores,
504 2036 539 2092 et
554 2040 769 2109 executores,
781 2037 791 2066 ‘
802 2038 836 2094 et
845 2028 872 2065 '²
883 2030 1098 2094 consiliarios
1110 2035 1332 2103 statutorum,

385 2127 460 2209 ipso
473 2128 566 2192 facto
582 2129 945 2194 excommunicationis
961 2129 1147 2193 sententias
1162 2127 1333 2189 duxeritis

385 2227 618 2308 proferendas
644 2237 747 2310 prout
771 2231 807 2292 in
829 2230 937 2293 literis
963 2247 1066 2310 super
1084 2227 1149 2290 hoc
1167 2225 1332 2289 confectis

386 2325 520 2406 plenius
545 2328 758 2391 continetur:
788 2347 851 2392 nos
876 2328 1000 2392 vestris
1024 2324 1334 2409 supplicationibus

384 2423 539 2487 inclinati
554 2426 645 2507 quod
662 2446 683 2490 a
697 2428 795 2491 vobis
820 2427 1019 2491 factumest
1037 2433 1149 2490 ratum
1164 2424 1332 2487 babentes

386 2529 421 2587 et
445 2531 595 2604 gratum,
613 2525 698 2589 illud
724 2527 766 2590 de
789 2527 931 2590 fratrum
953 2525 1098 2589 consilio
1124 2524 1332 2587 auctoritate

386 2623 575 2704 apostolica
597 2624 837 2689 confirmamus
864 2632 900 2689 et
924 2626 1104 2708 praesentis
1127 2623 1246 2704 scripti
1270 2642 1332 2703 pa-

385 2723 529 2786 trocinio
543 2726 801 2800 communimus,
817 2732 970 2789 tenorem
982 2725 1134 2806 ipsarum
1155 2722 1332 2785 literarum

386 2823 614 2902 praesentibus
625 2825 729 2887 inseri
740 2824 904 2888 facientes
916 2843 994 2906 quae
1007 2830 1060 2887 est
1071 2823 1151 2886 talis
1158 2818 1332 2886 :—“Auc-

386 2920 603 2984 toritateDei
618 2922 727 3004 patris
743 2921 1026 3005 omnipotentiS,”
1037 2931 1103 2985 etc.
1122 2922 1212 2984 sicut
1228 2939 1330 3001 supe-

386 3018 457 3082 rius
475 3027 528 3082 est
545 3022 713 3102 usquead
730 3022 842 3086 finem.
900 3021 999 3085 Nulli
1016 3040 1099 3102 ergo
1120 3020 1222 3084 liceat
1241 3020 1331 3082 hanc

384 3118 547 3200 paginam
570 3128 698 3186 nostrae
721 3121 992 3185 confirmationis
1013 3120 1198 3201 infringere
1222 3119 1278 3181 vel
1300 3118 1333 3180 ei

386 3236 473 3282 ausu
497 3221 678 3284 temerario
701 3221 892 3295 contraire;
915 3221 945 3283 si
970 3221 1047 3301 quis
1067 3226 1184 3283 antem
1197 3217 1263 3281 hoc
1279 3224 1333 3280 at-

386 3322 521 3381 tentare
546 3321 804 3402 praesumpserit
831 3320 1105 3400 indignationem
1132 3317 1199 3380 Dei
1223 3317 1333 3380 omni-

386 3418 537 3497 potentis
553 3426 588 3483 et
601 3419 769 3484 bonorum
791 3418 889 3482 Petri
913 3426 948 3482 et
970 3417 1074 3481 Pauli
1099 3416 1332 3499 apostolorum

386 3515 462 3597 ejus
480 3537 517 3580 se
532 3520 667 3582 noverit
688 3519 919 3582 incursurum.
958 3518 1090 3580 Datum
1107 3515 1334 3595 Andagaviae,

386 3631 424 3678 11.
451 3613 617 3681 kalendas
644 3617 818 3694 Octobris
846 3616 1068 3699 pontificatus
1102 3615 1213 3678 nostri
1242 3633 1334 3677 anno

385 3731 438 3778 xr.

424 3947 456 3977 ¹‘
468 3947 643 4010 intringerint,’
676 3947 750 3997 MSS.
779 3947 845 3998 0011.

385 4020 458 4070 Arm.
469 4020 520 4068 and
532 4019 626 4068 Lansd.

420 4087 430 4116 ¹
453 4089 568 4138 Inserted
602 4089 666 4137 from
695 4087 763 4136 Bibl.
790 4087 848 4137 MS.

873 3981 903 4031 Ο.
916 3983 947 4031 C.
963 3981 996 4031 0.
1013 3980 1121 4030 Cantab.
1141 3979 1205 4028 cod.
1226 3981 1275 4028 cix.
1293 3983 1335 4028 21.

873 4053 976 4114 Rymer,
987 4051 1106 4110 Foedera,
1118 4050 1135 4097 i.
1146 4053 1203 4098 293.
