3130 4990
400 497 570 546 weuram
595 497 642 542 oa
665 497 950 545 nnurueauacu.
1082 483 1148 546 305

196 647 239 722 ei,
265 650 448 714 “Domine
465 671 541 728 rex,
556 652 646 716 inter
660 672 783 716 manus
798 652 1067 735 alienigenarum
1092 673 1148 718 res
1173 671 1301 719 neurim.

196 748 316 828 utique
335 756 404 812 tua
444 751 534 812 male
571 751 688 832 agitur
714 759 749 815 et
785 749 1013 816 diversimode
1056 758 1147 816 trac·
1161 722 1311 790 Q

195 852 302 923 tatur,
324 867 404 910 nam
428 850 642 930 consumptis
666 849 835 914 universis
859 850 968 914 multo
990 849 1064 933 jam
1088 851 1147 914 de-

195 947 352 1026 primeris
384 965 452 1009 aere
481 946 605 1022 alieno,
628 953 663 1010 et
694 947 785 1010 datis
816 967 879 1028 pro
905 949 1041 1012 cibariis
1078 950 1148 1012 tuis

196 1043 311 1108 talleis
336 1064 459 1109 versus
485 1065 522 1108 es
548 1047 583 1108 in
610 1045 812 1109 scandalum
837 1047 873 1109 iu
899 1048 992 1110 omni
1018 1048 1148 1128 populo

196 1148 279 1222 tuo;
303 1163 394 1206 nunc
418 1163 501 1224 ergo
525 1143 620 1208 sanis
644 1143 827 1225 adquiesco
852 1144 1002 1208 consiliis
1025 1152 1061 1209 et
1086 1146 1147 1208 do·

196 1260 291 1303 mum
303 1248 399 1305 tuam
411 1243 585 1306 committe
598 1243 816 1324 dispositioni
830 1243 981 1306 fidelium
998 1250 1147 1320 tuorum,

197 1339 439 1422 solvemusque
465 1341 581 1404 debita
606 1350 668 1405 tua
689 1341 781 1418 infra
806 1362 933 1405 annum
962 1362 1007 1406 ex
1029 1350 1148 1407 nostro

138 1486 140 1490 .
198 1439 348 1519 proprio,
370 1439 422 1502 ita
446 1446 562 1502 tamen
589 1446 629 1503 ut
653 1447 810 1513 nostrum
837 1441 953 1504 letare
976 1441 1148 1523 possimus

197 1535 287 1599 infra
305 1537 597 1619 quinquennium
623 1557 686 1602 nec
708 1537 875 1603 familiam
898 1547 993 1603 tuam
1016 1541 1147 1604 minue·

197 1653 274 1696 mus
290 1636 350 1698 sed
372 1636 672 1716 augmentabimus
697 1637 815 1706 multis
841 1638 1018 1713 militibus,
1035 1644 1070 1703 et
1084 1640 1148 1702 tihi

197 1741 234 1796 et
251 1753 358 1813 regno
381 1740 443 1798 tuo
465 1753 600 1798 omnem
618 1735 855 1814 adhibebimus
878 1735 1090 1816 diligentiam
1113 1744 1148 1799 et

197 1831 389 1895 custodiam
402 1833 522 1914 utique
532 1832 702 1896 fidelem.''
754 1830 945 1914 Adquievit
958 1833 1007 1894 eis
1023 1852 1097 1908 rex,
1115 1842 1150 1897 et

197 1937 310 1994 certos
324 1931 414 1993 diem
435 1939 470 1994 et
493 1932 607 1994 locum
629 1937 826 1994 statuerunt
846 1930 979 1994 scilicet
1001 1929 1147 1994 Oxoniae

197 2048 219 2091 a
233 2029 288 2092 die
302 2028 449 2094 Paschae
464 2031 500 2094 in
516 2047 577 2094 xv.
595 2030 680 2118 dies,
694 2030 755 2092 ubi
770 2028 1013 2093 ‘convenirent
1029 2047 1147 2093 omnes
1160 2057 1254 2106 surrey,

198 2127 411 2190 tractaturi'1
432 2128 475 2192 de
494 2129 652 2210 profectu
675 2128 767 2208 regis
791 2115 1002 2192 et'utilitate
1025 2125 1148 2208 regni.2
1161 2107 1276 2146 Mfflffl‘

198 2226 492 2291 Convenientibus
519 2228 627 2309 igitur
650 2227 821 2308 episcopis
836 2227 880 2290 ad
898 2226 1036 2289 eosdem
1057 2226 1146 2289 diem
1160 2252 1290 2292 ratramni

195 2331 233 2388 et
248 2324 375 2401 locum,
388 2326 555 2406 imprimis
566 2327 609 2388 ab
624 2327 701 2407 ipso
712 2344 795 2406 rege
808 2333 843 2389 et
854 2325 989 2389 caeteris
1002 2344 1146 2406 magna-
1159 2306 1259 2392 iiiiii

195 2423 290 2486 tibus
306 2432 558 2488 sacramentum
573 2425 757 2505 petierunt,
769 2433 809 2488 ut
824 2444 902 2505 quae
917 2443 979 2505 pro
996 2425 1147 2488 utilitate

198 2522 290 2602 regis
305 2530 339 2586 et
354 2523 451 2603 regni
472 2523 747 2604 providerentur,
764 2524 894 2603 absque
915 2522 986 2585 ulla
1011 2529 1147 2586 contra-

198 2620 348 2684 dictione
378 2620 621 2684 universaliter
651 2624 872 2698 tenerentur3
915 2620 1147 2701 praestititque

193 2718 430 2801 jurameutum
446 2739 508 2784 rex
524 2739 561 2782 se
577 2725 793 2782 servaturum
809 2717 994 2782 statuenda
1009 2737 1087 2798 quae
1103 2717 1147 2782 ad
1159 2724 1273 2774 Thefflnr

1160 2786 1237 2815 avem
1245 2780 1268 2814 to

197 2817 361 2880 honorem
383 2818 449 2882 Dei
470 2825 505 2881 et
530 2818 684 2880 ecclesiae
709 2837 794 2894 suae,
812 2815 1003 2898 profectum
1026 2816 1092 2892 sui,
1113 2823 1148 2879 et
1159 2825 1284 2924 miii,

197 2916 384 2979 utilitatem
428 2917 526 2997 regni
566 2915 804 2979 conderentur.
866 2915 889 2978 J
892 2922 1078 2979 uraverunt
1114 2921 1149 2978 et

197 3015 316 3080 caeteri
332 3022 512 3096 magnates
533 3015 632 3093 quasi
656 3033 793 3086 omnes;
821 3033 946 3077 novem
961 3015 1065 3077 etiam
1079 3014 1148 3095 epi·

195 3113 295 3194 scopi
310 3113 370 3193 qui
385 3117 616 3176 convenerant
633 3112 1019 3175 excommunicaverunt
1031 3130 1149 3173 omnes

197 3212 258 3291 qui
272 3210 351 3276 huic
366 3211 460 3274 facto
472 3211 755 3284 contradicerent,
767 3228 848 3289 rege
861 3214 997 3271 tenente
1013 3226 1148 3269 cereum

197 3309 367 3389 ignitum;
399 3315 435 3372 et
459 3309 697 3390 praedixerunt
721 3307 848 3390 palam,
876 3306 906 3370 si
933 3324 1021 3368 ausu
1046 3311 1148 3368 teme-

200 3409 291 3470 rario
308 3407 413 3476 vellet
436 3408 513 3490 quis
539 3408 784 3482 contradicere,
801 3406 1017 3486 insurgerent
1031 3422 1149 3467 omnes

201 3507 237 3568 in
269 3526 345 3569 eum
378 3505 474 3570 velut
503 3506 687 3588 ancipitres
722 3505 758 3566 in
789 3522 949 3566 corvum:
985 3508 1149 3564 venerant

199 3604 292 3666 enim
313 3604 474 3672 instructi
498 3623 575 3667 cum
601 3604 704 3667 armis
721 3609 760 3665 ut
775 3601 868 3683 quod
882 3601 918 3663 in
935 3600 1049 3663 animo
1066 3618 1148 3663 con·

199 3709 363 3784 ceperant
382 3701 503 3772 statim
525 3701 720 3768 executioni
744 3699 957 3766 mandarent.
1010 3698 1150 3764 Fratres

178 4029 180 4033 ·
236 4003 663 4070 ¹‘conveneruntomnes,ettrae·
688 4005 731 4052 the
756 4004 821 4052 Mad
844 4002 1015 4050 Parliament=
1040 4001 1066 4046 in
1092 4002 1113 4047 it
1134 4016 1150 4049 a

199 4081 280 4124 tatum
294 4075 350 4138 est,'
361 4075 420 4126 MS.
433 4077 528 4125 Lansd.
689 4074 830 4124 committee
841 4071 870 4119 ol
878 4072 1097 4132 governmentwas
1106 4068 1150 4118 de-

689 4141 811 4190 termined
830 4154 872 4200 on,
889 4138 938 4188 and
957 4137 1026 4185 three
1041 4139 1151 4188 sessione

233 4211 244 4240 ¹
260 4213 324 4261 This
340 4212 363 4261 is
380 4213 508 4274 generally
527 4215 621 4262 known
636 4227 664 4273 as
689 4210 826 4272 appointed
837 4213 862 4257 to
873 4208 904 4256 be
914 4207 974 4258 held
985 4207 1081 4266 yearly.

252 4328 329 4374 VOL.
347 4329 370 4374 1.
971 4322 997 4368 X
