3122 4982
416 495 588 544 wanrrnr
613 495 661 544 nn
683 495 968 546 nnnruonuneu.
1102 477 1170 544 219

215 648 339 713 sudore
362 658 398 715 et
421 652 591 733 sanguine
606 652 786 718 castellnm
801 650 973 716 deditione
998 651 1166 716 obtinuit:
1195 661 1318 752 pleffiffi

215 749 401 814 inimicitiis
445 747 584 834 ‘erg'o’1
626 752 738 832 magis
784 751 1027 826 crescentibus,
1061 750 1168 814 resor·
1182 737 1333 778 *’-’··-’

215 847 352 912 mandoe
367 849 463 932 pacis
478 869 500 913 a
516 850 615 913 bonis
639 858 674 914 et
697 851 909 932 sapientibus
934 849 1080 914 inaniter
1096 856 1168 912 stu-

215 946 361 1010 debatur
387 969 465 1012 cum
494 949 561 1031 ipsi
587 949 758 1031 principes
790 948 834 1012 ad
861 967 961 1013 omne
988 947 1168 1012 consilium

215 1047 310 1126 pacis
325 1047 620 1112 obsurdescerent.

390 1267 440 1332 Do
453 1267 553 1332 Fame
565 1277 594 1333 ct
608 1267 794 1333 Pestilentia
810 1268 845 1332 ia
859 1265 991 1354 duplic.

265 1437 472 1522 Aggravata
512 1447 567 1505 est
603 1440 708 1504 etiam
742 1440 819 1522 ipso
854 1449 1009 1522 tempore
1045 1457 1167 1504 manns
1181 1457 1321 1498 emanans

215 1539 358 1604 Domini
381 1558 486 1620 super
508 1539 674 1621 populum
693 1538 925 1603 Christianum
952 1539 989 1603 in
1017 1547 1115 1620 peste
1133 1507 1302 1603 etw‘u‘m'

216 1638 317 1714 same,
332 1644 374 1701 ut
396 1637 482 1700 illud
504 1657 591 1720 pene
614 1637 854 1720 propheticum
869 1637 1078 1718 completum
1093 1655 1168 1700 esse

216 1737 403 1812 videretur,
414 1742 437 1771 “
447 1735 561 1817 Plaga
571 1735 700 1800 inimici
714 1736 926 1818 percussio,
938 1736 1168 1817 castigatione

215 1833 409 1898 crudeli:”²
432 1843 467 1898 et
488 1835 627 1917 quidem
648 1836 757 1900 fames
774 1835 902 1911 valido,
919 1853 964 1898 ex
982 1835 1163 1914 intempes-

216 1935 298 1997 tivis
312 1933 479 1999 imbribus
503 1934 718 2016 proveniens,
738 1953 801 2016 per
814 1951 924 1997 annos
943 1931 1018 2016 jam
1036 1931 1169 2014 aliquot

218 2030 370 2096 Galliam
424 2031 658 2115 Angliamqne
710 2032 931 2097 vehementer
976 2030 1167 2096 attriverat.

219 2130 377 2213 Cumque
388 2131 516 2213 vulgus
527 2149 719 2214 pauperum
732 2131 861 2213 passim
875 2129 989 2194 inedia
999 2130 1170 2211 deperiret

217 2237 339 2292 secuta
367 2237 420 2294 est
446 2231 642 2311 evestigio
671 2231 778 2313 pestis
803 2229 1008 2306 sevissima,
1036 2229 1169 2293 scilicet

219 2327 322 2391 febris
346 2336 461 2406 acuta,
484 2343 562 2411 quae
589 2336 644 2394 tot
671 2337 707 2393 et
733 2336 850 2394 tantos
879 2329 1025 2410 singulis
1048 2328 1169 2392 diebus

220 2425 472 2509 ‘corripiens’⁸
493 2428 642 2492 finaliter
668 2428 868 2510 prostravit,
884 2434 923 2492 ut
940 2427 1001 2492 vix
1017 2427 1171 2492 ‘inveni-

222 2533 342 2590 rentur
353 2524 386 2559 ’4
400 2527 460 2607 qni
475 2527 532 2590 vel
548 2546 666 2592 curam
689 2527 862 2605 languidis
879 2524 936 2590 vel
957 2525 1170 2608 sepulturam

220 2625 366 2688 mortuis
383 2625 606 2690 exhiberent:
630 2625 857 2705 cessabatque
875 2631 1061 2688 consuetus
1076 2623 1171 2685 sune-

221 2724 269 2786 ris
288 2732 477 2805 apparatus
501 2725 584 2805 quia
606 2741 822 2806 quacumque
846 2722 932 2786 hora
954 2721 1076 2786 diurna
1094 2720 1172 2804 quis

221 2821 364 2885 obiisset
381 2842 462 2885 mox
477 2823 581 2887 matri
596 2830 697 2887 terrae
713 2828 723 2857 ‘
737 2818 984 2896 tradebatur,’⁵
999 2819 1066 2884 nisi
1081 2827 1172 2884 esset

221 2921 300 3003 quis
323 2921 428 2984 ditior
452 2921 509 2986 vel
537 2940 686 3004 persona
717 2921 875 2985 nobilior.
929 2919 972 2983 In
999 2920 1173 3003 plerisque

220 3020 327 3083 etiem
350 3020 436 3083 loois
463 3019 590 3084 fiebant
613 3020 718 3084 fossae
746 3039 816 3083 non
844 3019 988 3082 modice
1019 3019 1174 3100 receptui

222 3117 444 3195 cadaverum,
469 3139 510 3184 eo
536 3118 629 3202 qnod
656 3118 803 3182 facultas
830 3136 899 3180 non
931 3122 1022 3179 esset
1049 3136 1172 3180 nnum-

221 3235 529 3299 quemqueperse,
537 3217 645 3300 juxta
655 3204 1053 3292 morem‚‘recondere.'⁶
1083 3213 1174 3276 Tan·

221 3315 313 3391 dem,
327 3315 465 3380 volente
491 3317 656 3392 Domino,
672 3321 751 3398 post
766 3332 832 3378 sex
854 3313 926 3378 fere
952 3329 1086 3375 menses
1100 3311 1172 3375 hie-

222 3415 306 3477 mali
320 3415 433 3495 rigore
447 3415 629 3497 consopita
643 3413 786 3496 quievit.

259 3634 266 3664 ¹
284 3636 400 3686 Omnian
410 3637 437 3684 in
448 3636 506 3686 MS.
515 3635 584 3687 ceu.
596 3635 669 3686 Am.
745 3631 757 3661 ⁴
772 3630 963 3696 ‘invenireturss
983 3631 1060 3682 MSS.
1080 3631 1174 3685 [ansol.

258 3733 427 3800 warenn,
438 3747 501 3786 m·
513 3739 553 3785 1⁴·
711 3701 1138 3832 sibilatores.

258 3840 270 3872 ⁸
285 3835 445 3902 ‘arripiens'
455 3837 512 3888 ΜΒ.
524 3835 656 3890 Cott'lib.
745 3835 757 3869 θ
773 3840 988 3904 ‘reconderebrr,'
999 3839 1056 3890 MS.
1068 3841 1163 3889 Lnnsd.
