3134 4990
378 499 620 547 wnrrrnnrnn
644 496 924 543 nnnrnonnnorr.
1059 482 1126 545 227

170 651 446 732 Rothomagensi
480 651 634 726 donavit,
674 660 709 714 et
752 650 1051 735 arehiepiscopum
1085 655 1121 716 in
1147 671 1270 760 {¹⁰3⁸ssss

168 751 349 830 pristinam
364 750 613 832 specialitatem
630 751 770 832 recepit.
1134 745 1284 785 .-.·....·

381 969 536 1044 Quomodo
549 968 595 1034 ibi
605 969 694 1054 pluit
710 971 910 1056 Sanguinem.

219 1141 311 1205 Sane
336 1143 373 1206 in
400 1142 461 1207 illo
487 1143 564 1206 loco
590 1162 667 1207 cum
696 1163 824 1224 magna
851 1144 912 1208 illa
938 1144 1123 1210 aedificatio

169 1239 268 1304 fieret
284 1261 357 1305 rem
379 1242 613 1323 prodigiosam
632 1243 819 1324 contigisse
837 1243 964 1306 ferunt.
1027 1244 1120 1308 Nam

168 1359 285 1402 mense
315 1341 411 1404 Maio
440 1342 545 1423 paulo
575 1350 657 1405 ante
679 1342 872 1406 Dominicae
894 1341 1189 1418 Ascensionismy.

169 1438 434 1504 solemniacum
457 1461 520 1505 rex
539 1440 713 1504 Ricardus
732 1441 780 1504 ibi
800 1440 948 1517 adesset,
973 1448 1121 1523 etopus

169 1539 413 1620 operariusque
452 1539 496 1602 de
529 1539 750 1604 festinatione
786 1548 936 1620 urgeret,
978 1549 1119 1622 repente

169 1637 277 1702 imber
306 1637 474 1720 sanguine
506 1638 637 1702 mixtus
675 1638 863 1715 descendit,
901 1640 1119 1721 stupentibus
1132 1663 1273 1702 seraverat

170 1754 248 1798 curn
273 1737 352 1818 ipso
376 1757 457 1818 rege
485 1737 618 1802 cunctis
648 1737 708 1818 qui
733 1737 889 1813 aderant,
915 1757 993 1800 cum
1023 1745 1058 1802 et
1083 1739 1119 1800 in
1131 1714 1198 1754 Μ’

170 1835 241 1898 suis
256 1836 414 1900 vestibus
434 1837 507 1900 reri
529 1837 708 1917 sanguinis
730 1843 849 1916 guttas
870 1836 1119 1918 conspicerent,

167 1940 205 1996 et
219 1953 295 2006 rem¹
310 1942 382 2010 tarn
398 1935 573 1999 insolitam
589 1935 719 1998 malum
735 1935 940 2016 portendere
957 1935 1127 1998 formida-v

170 2039 258 2096 rent.
306 2032 437 2097 Verum
461 2053 506 2098 ex
529 2034 594 2098 hoc
614 2033 704 2097 idem
726 2053 789 2097 rex
811 2053 881 2096 non
903 2041 957 2098 est
979 2035 1120 2097 territus

169 2133 352 2212 quominus
369 2131 524 2216 ‘operi'¹
542 2133 776 2214 promovendo
789 2132 992 2209 intenderet,
1002 2134 1038 2195 in
1050 2153 1119 2214 qno

169 2232 247 2307 sibi,
265 2232 302 2294 ni
316 2232 428 2309 fallor,
443 2233 493 2296 ita
508 2232 746 2314 complacebat
756 2238 796 2295 ut
808 2232 912 2296 etiam
930 2233 960 2294 si
976 2232 1120 2312 angelus

169 2330 211 2393 de
238 2331 327 2396 coelo
351 2332 385 2396 id
412 2331 640 2396 omittendum
664 2332 831 2396 suasisset
860 2330 1045 2394 anathema
1069 2331 1121 2393 1111

168 2428 303 2493 suisset.

420 2561 470 2624 Do
486 2561 592 2624 Morte
607 2561 702 2645 nepa
716 2561 863 2625 Ricardo’.

221 2724 407 2790 AEdifieato
418 2725 536 2806 itaque
551 2732 667 2790 castro
682 2733 717 2790 et
730 2725 820 2791 infra
829 2725 976 2788 eundern
992 2743 1120 2788 annum
1133 2745 1197 2790 nn.
1209 2749 1266 2789 nn.

169 2823 324 2905 plenarie
339 2825 511 2907 completo
528 2824 637 2887 fertur
651 2825 765 2906 ipsum
785 2844 901 2906 regern
924 2823 1124 2908 hujusmodi

169 2924 278 2986 verba
287 2923 472 3005 protulisse
483 2923 786 2988 circumstantibus
801 2924 1021 3006 magnatibus
1037 2923 1121 2998 suis,

170 3025 194 3056 “
207 3021 296 3086 Ecce
320 3041 424 3104 qnam
450 3022 595 3104 pulchra
613 3021 685 3085 filia
710 3022 813 3086 unius
840 3022 971 3093 unni;''
998 3022 1120 3086 dilexit

171 3121 262 3182 enim
279 3121 425 3184 eundem
440 3120 567 3197 locum,
584 3128 619 3184 et
642 3121 858 3202 gloriabatur
877 3122 914 3186 in
934 3121 1000 3184 hoo
1016 3120 1120 3184 facto.

172 3217 329 3301 Cumque
350 3219 394 3282 ad
415 3220 484 3282 alia
513 3219 712 3285 divertisset
742 3237 779 3282 se
806 3239 869 3282 rex
890 3217 1063 3281 Ricardus
1087 3226 1123 3280 et

172 3318 333 3381 custodes
364 3318 516 3401 ejusdem
550 3319 653 3381 castri
678 3319 715 3381 in
742 3336 805 3381 sua
830 3317 988 3380 custodia
1012 3316 1121 3396 negli-

170 3423 292 3496 gentes
320 3415 530 3492 extitissent,
553 3403 702 3498 egressae
724 3416 814 3479 enim
837 3422 936 3478 erant
959 3435 1003 3478 ex
1026 3432 1121 3477 more

170 3514 310 3578 latrices
337 3535 400 3596 per
429 3516 600 3598 posticum
631 3515 675 3578 ad
704 3514 892 3579 lavandum
923 3531 1058 3595 pannos
1087 3520 1120 3576 et

173 3613 243 3676 alia
258 3632 418 3696 quaeque,
440 3615 475 3676 in
496 3614 575 3678 lacu
596 3615 719 3677 subtus
741 3621 904 3688 castrum,
925 3632 987 3676 nec
1008 3612 1121 3693 suspi-

172 3713 341 3778 cabantur
367 3712 527 3780 custodes
550 3729 725 3776 accessum
755 3711 874 3776 baberi
896 3709 1057 3794 ‘posse’²
1077 3729 1118 3774 ex

171 3817 271 3892 parte
285 3811 358 3888 illa,
374 3819 409 3874 et
421 3831 503 3875 ecce
519 3811 686 3890 ingeniosi
706 3808 830 3874 Franci
850 3819 886 3874 et
907 3811 972 3873 sibi
996 3810 1121 3872 multo-

172 3911 261 3973 tiens
277 3911 416 3992 alonge
432 3910 663 3992 providentes,
678 3907 918 3990 praeordinatis
935 3908 1072 3988 scaphis
1088 3916 1123 3970 et

172 4009 302 4086 allatis,
332 4009 416 4073 dum
440 4010 591 4091 quadam
617 4009 673 4071 die
699 4008 945 4089 egrederentur
971 4006 1122 4079 latrices,

208 4214 216 4244 ¹
234 4213 346 4280 ‘opera'
359 4219 416 4269 MS.
429 4217 523 4268 Lansd.
645 4211 650 4279 Ι
701 4215 802 4276 ’‘post
812 4214 858 4276 se,'
869 4213 926 4263 MS.
938 4213 1005 4263 Gutt.
1016 4212 1073 4264 Tib.

951 4312 966 4352 Q
979 4303 994 4347 2
