3122 4982
351 434 356 442 ’
404 447 469 512 200
781 460 988 510 ennourcou

260 639 353 680 niceae
363 639 381 680 1.
407 619 573 702 quosdam
602 619 705 683 etiam
738 619 892 701 pecuniis
922 619 1165 702 locupletiores
1189 617 1360 702 spoliant,

256 691 381 730 A'D'm
408 720 545 784 nomine
577 717 821 800 redemptionis
854 719 958 799 regiae
990 720 1118 782 factum
1150 738 1251 783 suum
1283 718 1360 801 pal·

409 819 546 892 liantes.
599 816 781 890 Postremo
805 825 845 882 ut
870 818 966 882 nulla
990 825 1131 884 vacaret
1153 817 1302 894 occasio,
1325 825 1361 880 et

411 918 586 982 residuum
597 937 708 1008 erucaej
719 917 864 993 locusta,
879 916 1051 981 residuum
1066 918 1210 1000 locustae
1222 919 1361 992 brucus,

411 1017 555 1101 ejusque
582 1015 755 1108 residuum
782 1018 905 1098 rubigo
932 1019 1139 1092 absumeret,
1166 1016 1287 1080 deiude
1315 1016 1360 1079 ad

412 1136 507 1196 vasa,
523 1135 622 1180 sacra
645 1122 786 1188 ventum
810 1123 874 1180 est.
927 1115 973 1181 Et
995 1119 1157 1199 quoniam
1188 1115 1287 1180 eain
1310 1135 1361 1178 re-

412 1217 644 1298 demptionem
679 1215 910 1297 quornmlibet
946 1215 1097 1280 fidelium
1117 1215 1360 1300 captivorum,

414 1315 562 1397 expendi
600 1334 667 1378 non
712 1321 849 1378 tantum
887 1317 1057 1380 concessit
1096 1335 1213 1380 verum
1256 1316 1361 1378 etiam

412 1415 544 1478 monuit
558 1412 753 1478 veneranda
767 1422 904 1497 patrum
922 1415 1095 1492 discretio,
1110 1416 1219 1480 multo
1238 1415 1362 1478 fortius

413 1512 533 1577 eadem
553 1513 720 1595 captivati
742 1512 962 1596 ‘principis'¹
984 1514 1213 1598 redemptioni
1237 1514 1361 1577 debere

413 1613 578 1696 proficere
608 1611 800 1695 judicatum
839 1620 903 1682 est.
969 1613 1109 1697 Itaque·
1129 1617 1193 1696 'per
1226 1633 1361 1676 omnem

413 1713 510 1794 regni
527 1711 666 1792 Anglici
688 1712 905 1777 latitudinem
931 1713 1114 1788 traduntur
1131 1713 1221 1777 sueri
1236 1713 1362 1776 calices

414 1813 634 1876 exactoribus
657 1812 773 1894 regiis,
792 1812 847 1876 vel
869 1813 1098 1894 indulgenter,
1115 1813 1150 1876 id
1177 1820 1241 1890 est,
1258 1811 1364 1893 paulo

414 1912 502 1975 infra
525 1910 656 1993 pondus
681 1911 910 1977 redimuntur:
946 1931 1092 1994 cumque
1110 1912 1185 1996 jam
1207 1913 1278 1976 fere
1300 1931 1363 1974 ex-

415 2011 549 2074 inanita
582 2012 737 2093 pecuniis
768 2011 900 2094 Anglia
936 2012 1121 2088 videretur,
1141 2021 1189 2076 et
1226 2011 1366 2075 lassatis

417 2108 717 2175 ‘executoribus'2
733 2111 850 2192 regiis,
866 2112 1068 2193 exquirendi
1083 2111 1186 2176 etiam
1201 2111 1367 2195 pecunias

416 2210 615 2274 occasiones
632 2210 906 2290 languescerent,
925 2219 1004 2278 tota
1017 2210 1209 2276 tamenvilla
1226 2229 1365 2275 coacer-

415 2312 524 2385 vatio,
543 2316 581 2371 ut
597 2307 735 2386 dicitnr,
758 2310 801 2373 ad
824 2311 1063 2392 complendam
1081 2312 1185 2392 regiae
1208 2311 1365 2391 redemp-

418 2407 523 2471 tionis
556 2414 662 2489 utque
693 2428 922 2490 expensarum
951 2410 1026 2493 ejus
1058 2429 1226 2476 summam
1253 2411 1366 2472 minus

417 2505 571 2571 sufficere
583 2507 708 2589 potuit.
755 2508 987 2588 Quamobrem
1003 2517 1208 2592 praetaxatae
1223 2529 1366 2572 summae

417 2616 517 2690 parte
540 2607 663 2690 majori
683 2608 849 2672 ministris
864 2610 1083 2691 imperatoris
1107 2607 1290 2692 appensa,3
1305 2628 1368 2672 rex

418 2708 587 2783 consulte,
616 2728 660 2770 ne
697 2727 762 2772 sua
796 2728 902 2790 supra
939 2709 1078 2773 modum
1108 2710 1369 2791 protraheretur

420 2806 605 2882 relaxatio,
630 2827 693 2887 pro
719 2817 817 2888 parte
840 2807 978 2872 residua
1002 2809 1201 2890 imperatori
1227 2828 1289 2890 per
1310 2810 1369 2871 ob·

256 2933 362 2992 neem.
421 2905 513 2968 sides
534 2903 676 2970 idoneos
699 2907 889 2986 satisfecit;
917 2907 1234 2988 Rothomagensem
1257 2906 1369 2971 archi·

257 2981 395 3084 Sillii?
421 3005 631 3085 episcopum,
643 3013 678 3068 et
688 3005 859 3070 Eliensem
875 3007 1086 3089 episcopum,
1101 3027 1179 3071 cum
1195 3007 1369 3071 nobilibus

421 3105 576 3185 plurimis
593 3105 729 3168 nomine
744 3107 901 3171 obsidum
919 3108 1120 3189 imperatori
1137 3108 1287 3171 tradens

1302 3244 1365 3254 —-

457 3308 464 3338 ¹
482 3306 596 3356 Omitted
606 3307 633 3355 in
644 3307 719 3357 MSS.
732 3307 799 3358 Coll.
810 3307 881 3357 Arm.
905 3309 1006 3358 amined
1022 3311 1057 3370 by
1068 3309 1111 3360 the
1127 3311 1243 3370 imperial
1261 3311 1370 3373 officere,

422 3377 472 3425 and
484 3377 550 3426 Cott.
562 3377 617 3426 Tib.
906 3393 960 3427 was
968 3380 1097 3446 conyeyed
1106 3381 1159 3428 into
1170 3381 1212 3428 tbe
1225 3381 1372 3442 Emperor's

456 3445 467 3474 ²
482 3446 675 3507 ‘exactoribus,’
687 3447 744 3494 MS.
757 3446 854 3496 Lensd.
905 3449 1045 3496 dominicus
1056 3455 1082 3498 et
1091 3449 1132 3498 the
1142 3449 1194 3498 rislr
1209 3450 1238 3498 os
1245 3451 1288 3500 the
1301 3451 1372 3514 King

457 3513 537 3564 8The
566 3531 665 3577 money,
693 3517 758 3565 alter
788 3517 882 3579 having
905 3518 934 3566 ol
946 3519 1072 3581 Englaud.
1109 3520 1174 3581 Rog.
1190 3520 1222 3568 de
1235 3521 1371 3584 Heroden,

422 3587 485 3634 been
496 3585 619 3644 careiully
631 3586 764 3635 estimated
776 3587 827 3634 and
838 3602 881 3636 ex·
905 3585 966 3640 Rer.
979 3583 1048 3650 Ang'.
1060 3589 1155 3654 Script.
1168 3593 1226 3640 ⁷3².
