3116 4990
412 477 584 530 wicram
610 484 656 528 nn
680 484 963 532 unuincnuncn.
1103 468 1168 532 125

214 637 407 703 studiosum
421 640 600 718 exhibeas,
616 647 655 704 nt
670 648 705 704 te
720 641 756 703 in
770 641 946 705 tremendo
957 635 1091 725 judicio
1106 651 1167 708 tua
1193 653 1312 743 ffl'tstk

216 738 425 802 conscientia
448 760 518 802 non
541 747 691 815 accuset,
715 749 750 803 et
772 741 847 824 ejus
870 741 930 824 qui
950 760 1018 803 non
1035 731 1327 806 fallitur-'⁴4

216 839 363 902 districti
374 838 503 921 judicis
516 840 743 920 interrogatio
755 837 1071 904 noncoudemnet.”
1097 842 1170 907 Ve-

216 957 291 1000 rum
309 957 385 1000 cum
408 958 471 1001 rex
489 939 562 1020 ipsc
587 947 683 1001 certa
699 947 735 1001 et
751 940 905 1002 enormia
923 940 1021 1021 regni
1039 942 1168 1023 proprii

217 1043 262 1099 ex
284 1056 348 1100 sua
370 1038 645 1119 peregrinatione
667 1038 821 1119 pericula
846 1039 1026 1120 allegaret,
1041 1049 1077 1104 et
1092 1041 1169 1104 loco

218 1154 291 1199 suae
319 1137 513 1218 praesentiae
540 1137 584 1200 ad
614 1137 883 1201 sublevationem
913 1139 1089 1202 orientalis
1114 1160 1168 1203 ec-

220 1234 334 1298 clesiae
359 1236 534 1299 decentem
563 1238 717 1317 pecuniae
745 1257 913 1300 summam
941 1239 1169 1319 promitteret,

218 1335 358 1398 tandem
374 1335 570 1416 patriarcha
592 1335 728 1398 inanior
747 1337 820 1417 spei
844 1356 947 1417 quarn
964 1346 1117 1413 venerat,
1133 1339 1169 1401 in

218 1432 370 1497 Galliam
393 1433 570 1511 remeavit,
588 1442 623 1498 et
646 1434 847 1498 continuata
869 1435 959 1498 inter
982 1455 1080 1517 reges
1098 1438 1168 1500 dis-

216 1532 344 1608 cordia,
360 1534 499 1598 tandem
518 1533 645 1597 infecto
661 1535 801 1615 negotio
818 1534 1034 1615 repatriavit.

531 1709 705 1774 Jerusalem
713 1711 852 1795 perdito.

268 1823 371 1887 Anno
394 1832 510 1888 autem
526 1827 667 1890 Domini
686 1843 937 1903 u.cnxxxvu.,
954 1835 1120 1908 regnante
1135 1829 1171 1892 in
1183 1859 1247 1902 Μ),
1258 1859 1315 1900 nu.

220 1921 425 1988 Alamannia
456 1925 651 2001 Frederioo,
680 1927 720 1989 in
751 1925 900 1989 Francia
929 1925 1104 2010 Philippo,
1135 1928 1171 1991 in

220 2021 349 2103 Anglia
371 2023 525 2088 Henrico
546 2025 708 2101 secundo,
726 2025 790 2087 sub
813 2023 971 2089 Urbano¹
991 2045 1093 2107 papa,
1112 2029 1172 2109 qui

221 2120 329 2184 Lucio
355 2131 576 2202 successerat,
599 2132 793 2204 aggravata
819 2132 873 2187 est
890 2143 1013 2187 manus
1031 2125 1171 2190 Domini

220 2240 323 2304 snper
360 2229 487 2286 terram
521 2222 545 2287 J
548 2222 873 2305 erosolymitanam:
918 2223 1041 2287 civitas
1080 2225 1170 2288 enim

220 2326 352 2397 sancta,
372 2321 406 2384 in
439 2342 508 2404 qna
531 2324 730 2386 invocatum
756 2329 809 2385 est
830 2342 953 2386 nomen
982 2323 1123 2386 Domini
1149 2345 1170 2388 a

219 2419 339 2482 diebus
348 2421 513 2503 antiquis,
523 2423 558 2484 in
571 2441 640 2504 qna
651 2441 759 2486 sacrae
768 2422 957 2504 prophetiae
968 2421 1169 2501 floruerunt,

220 2519 255 2580 in
273 2538 342 2601 qua
359 2521 602 2603 redemptionis
620 2521 778 2584 humanae
800 2522 950 2606 insignia
966 2522 1170 2599 micuerunt,

222 2638 265 2681 ex
284 2638 353 2701 qua
370 2627 588 2684 sacramenta
610 2620 732 2684 salutis
753 2620 790 2682 in
808 2641 942 2684 omnem
962 2621 1078 2685 mnndi
1093 2622 1169 2685 lati·

221 2717 374 2781 tudinem
391 2719 579 2796 iluxerunt,
594 2720 680 2802 proh
698 2719 796 2783 dolor
808 2717 835 2781 l²
857 2719 976 2784 incidit
993 2721 1028 2782 in
1046 2740 1169 2784 manus

222 2817 336 2897 gentis
358 2818 513 2899 profanae
537 2828 572 2883 et
594 2819 789 2895 immundae,
807 2839 884 2883 cum
896 2820 971 2902 jam
986 2821 1169 2884 mansisset

222 2917 285 2978 sub
317 2923 490 2998 potestate
521 2917 718 2982 Christiana
746 2919 845 2982 annis
873 2935 1060 2996 cxxxvii„
1091 2939 1169 3001 quae

222 3015 353 3079 scilicet
382 3005 600 3100 'imperatore
635 3018 852 3099 Vespasiano
887 3024 923 3081 et
961 3019 1044 3082 Tito
1087 3038 1168 3082 con-

223 3123 358 3197 qnaesta
372 3116 450 3192 fuit,
468 3118 532 3180 snb
547 3125 678 3199 papatu
698 3117 832 3182 Urbani
847 3117 999 3193 secundi,
1015 3125 1051 3181 et
1068 3119 1169 3182 modo

222 3215 343 3278 recidit
358 3215 393 3278 in
407 3235 530 3279 manus
539 3217 733 3281 Tuscorum
742 3217 806 3279 sub
821 3215 1024 3297 pontificatu
1037 3216 1170 3280 Urbani

258 3414 264 3443 ¹
292 3416 388 3465 Lucius
409 3417 463 3466 111.
490 3417 551 3466 died
578 3417 684 3478 Sunday
709 3417 766 3466 Tito
794 3421 819 3465 et
841 3417 1000 3477 Vespasiano
1027 3422 1173 3478 conquaesta

222 3485 290 3535 Nor.
301 3489 343 3546 at,
354 3488 432 3545 11853
449 3486 481 3535 he
493 3501 548 3536 was
565 3488 685 3536 succeed-
709 3487 758 3535 tuit
777 3492 803 3534 et
822 3487 896 3546 quasi
916 3487 1045 3547 subversa,
1063 3492 1089 3535 et
1104 3493 1172 3548 post·

222 3556 254 3602 ed
271 3556 306 3616 by
317 3557 405 3604 Urban
418 3555 478 3606 m.
497 3552 613 3620 (Hubert
629 3557 685 3606 Ori·
709 3556 811 3605 modum
830 3557 878 3604 sub
897 3561 991 3618 papatu
1012 3557 1110 3605 Urbani
1133 3572 1172 3606 ss·

221 3625 291 3686 velli,
310 3624 472 3686 Archbishop
490 3625 519 3673 of
533 3626 617 3674 Milan
635 3627 685 3674 and
710 3625 1173 3688 cundiamanibusSaracenorumper

221 3695 335 3743 cardinal
343 3695 372 3742 of
380 3695 417 3744 St.
426 3691 685 3759 Laurence)‚elected
709 3696 797 3744 fideles
814 3694 910 3744 Christi
926 3695 1041 3758 liberata,
1058 3699 1084 3745 et
1100 3698 1174 3757 quasi

221 3778 253 3810 on
264 3764 306 3811 the
317 3765 377 3813 2⁵th
385 3765 414 3812 of
423 3765 499 3826 Noa,
508 3765 559 3813 and
567 3766 685 3814 crowned
710 3770 803 3814 extunc
822 3779 868 3826 per
887 3780 965 3814 annos
984 3767 1107 3828 plurimos
1125 3767 1173 3814 sub

220 3833 263 3881 the
274 3837 313 3881 lst
325 3834 354 3882 of
363 3834 429 3883 Dec.
442 3834 579 3896 following.
711 3839 834 3896 potestate
858 3833 1003 3884 Christiana
1030 3837 1174 3893 mansisset,

254 3900 328 3951 ''l'he
335 3903 465 3966 following
475 3905 538 3952 from
550 3904 687 3965 Brompton
712 3904 785 3952 modo
792 3904 840 3952 sub
847 3905 994 3965 pontificatu
1002 3906 1100 3952 Urbani
1107 3906 1174 3952 tertii

219 3971 274 4020 will
281 3973 590 4035 elucidatethispassage:
602 3973 687 4035 “proh
711 3974 738 4020 in
755 3987 843 4021 manus
859 3973 997 4022 ancorum
1015 3973 1108 4022 cecidit
1124 3987 1176 4020 ma·

220 4041 306 4089 dolor!
324 4043 350 4090 in
361 4057 452 4092 manus
460 4044 543 4106 gentis
549 4043 687 4105 prophana
712 4041 865 4104 lignorum.'’
883 4040 976 4090 Chron.
988 4042 1015 4091 J.
1028 4043 1176 4105 Brompton‚

219 4110 309 4159 incidit
325 4117 351 4160 ct
373 4113 526 4171 immundae;
543 4127 601 4173 quae
621 4113 689 4162 circa
715 4112 784 4159 Hist.
815 4111 881 4172 Aug.
911 4111 1004 4172 Script.
1035 4114 1107 4172 1146,
1134 4113 1175 4161 ed.

220 4184 333 4242 tempora
347 4187 457 4243 papatus
470 4183 569 4231 Urbani
580 4183 655 4244 primi
673 4196 688 4229 a
713 4180 849 4240 Twysden.
