3132 4988
390 476 458 540 316
762 493 970 540 cunorucon

242 661 371 751 pegrrlffl·
395 649 532 711 tertiam
562 654 677 712 autem
709 648 783 729 ipse
813 667 874 709 rex
900 666 977 709 cum
1003 645 1224 726 magnatibus
1250 647 1343 719 suis;

231 795 302 834 Battlo
310 796 335 835 or

231 845 310 884 laewea

394 755 553 827 quartam
570 766 653 809 vero
675 747 784 808 aciem
808 765 877 808 non
901 745 1081 808 constituit
1096 764 1172 820 rex,
1195 763 1236 806 eo
1252 745 1342 825 quod

394 845 511 925 plures
545 844 744 908 vexillarios
767 844 954 926 reliquerat
982 851 1062 925 post
1087 863 1125 906 se
1152 844 1195 906 ad
1226 851 1344 907 custo-

393 941 553 1006 diendum
572 943 691 1007 villam
706 951 742 1006 et
761 951 912 1006 castrum
935 942 977 1004 de
1001 942 1198 1022 Turobriga
1223 949 1345 1006 contra

394 1043 553 1105 comitem
574 1040 814 1118 Gloucestriae,
839 1051 874 1105 et
896 1049 972 1104 erat
997 1041 1044 1104 ibi
1065 1040 1230 1122 juvenilis
1256 1047 1343 1102 aetas

392 1141 493 1221 quasi
516 1141 623 1203 totius
650 1140 781 1204 militiae
802 1159 887 1215 suae,
901 1159 971 1203 non
991 1140 1080 1202 enim
1099 1138 1258 1201 credebat
1278 1157 1344 1201 rex

393 1238 580 1302 adventum
596 1240 762 1302 baronum
778 1247 849 1302 tam
862 1239 1113 1320 propinquum:
1137 1238 1344 1318 praeparatis

392 1337 511 1417 itaque
527 1337 606 1400 hinc
620 1345 655 1400 et
671 1337 752 1400 inde
778 1338 915 1400 aciebus
937 1337 1213 1400 exhortabantur
1229 1335 1272 1397 ad
1290 1336 1340 1397 in-

393 1435 503 1497 vicem
526 1435 569 1498 ad
591 1441 729 1498 strenue
755 1435 982 1510 militandum,
1002 1442 1037 1498 ct
1062 1441 1219 1498 conserto
1243 1435 1342 1514 gravi

392 1533 515 1612 proelio
539 1540 742 1596 corruerunt
767 1533 868 1597 multi
890 1533 1066 1616 pedestres
1084 1533 1184 1613 quasi
1209 1533 1245 1593 in
1268 1552 1340 1595 mo-

393 1638 532 1705 mento;
567 1633 754 1712 statimque
788 1631 879 1695 filius
916 1633 1009 1712 regis
1041 1631 1232 1694 Edwardus
1261 1650 1341 1694 cum

393 1729 467 1792 acie
490 1749 566 1806 sua,
581 1737 702 1812 utpote
720 1729 858 1811 juvenis
884 1749 964 1793 acer
990 1739 1025 1793 et
1046 1730 1144 1792 miles
1167 1736 1342 1804 strenuus,

393 1827 493 1890 irruit
508 1829 543 1890 in
557 1828 674 1892 hostes
692 1848 770 1892 oum
787 1835 884 1892 tanto
899 1831 1029 1909 impetu
1040 1829 1133 1910 quod
1149 1848 1207 1891 eos
1230 1836 1340 1890 retro-

394 1927 515 1989 cedere
537 1927 702 2008 compulit
724 1927 839 2008 spatio
866 1947 1005 2008 magno,
1029 1929 1080 1990 ita
1105 1927 1197 2008 quod
1226 1935 1342 2008 poste·

394 2025 502 2087 riores
515 2025 655 2106 quidam
678 2046 722 2088 ex
748 2026 995 2090 retrocessione
1010 2025 1187 2089 credentes
1212 2025 1342 2106 primos

396 2125 578 2200 corruisse,
592 2124 756 2204 sugerunt
770 2124 897 2206 plures,
907 2132 943 2187 et
956 2144 1056 2205 aquae
1065 2143 1103 2187 se
1114 2124 1291 2188 credentes
1301 2131 1342 2188 ut

395 2223 581 2286 transirent
603 2223 770 2286 submersi
791 2231 872 2286 sunt
894 2223 1019 2286 milites
1041 2223 1176 2288 circiter
1193 2239 1255 2286 ux.
1274 2242 1340 2285 cae·

395 2320 511 2402 sisque
547 2321 720 2404 aliquibus
747 2322 909 2402 sugerunt
939 2322 1058 2385 statim
1085 2320 1341 2384 Loudonienses

396 2420 455 2498 qui
470 2420 598 2500 primos
620 2421 710 2483 ictus
734 2421 915 2501 petierant,
932 2420 1013 2484 belli
1028 2420 1225 2483 discrimina
1242 2421 1340 2500 igno-

395 2524 525 2594 rantes,
541 2537 628 2599 quos
650 2519 896 2600 insequebatur
916 2519 1109 2583 Edwardus
1126 2537 1203 2582 cum
1227 2525 1341 2582 turma

394 2636 470 2693 sua,
486 2618 621 2681 oaedens
645 2625 818 2682 extremos
836 2638 953 2682 eorum
980 2618 1094 2699 spatio
1118 2617 1263 2681 duorum
1285 2617 1341 2681 vel

395 2717 499 2778 trium
514 2716 723 2794 milliarium,
739 2737 798 2780 eos
814 2718 904 2781 enim
917 2718 1066 2780 habebat
1081 2735 1206 2780 exosos
1222 2735 1284 2797 pro
1299 2735 1340 2778 eo

394 2815 486 2893 quod
514 2822 726 2878 recesserant
740 2835 763 2877 a
777 2823 889 2897 patre,
904 2823 939 2880 et
954 2824 1097 2879 matrem
1124 2834 1222 2878 suam
1234 2814 1342 2880 deho-

394 2919 617 2976 nestaverant
633 2933 711 2976 oum
726 2933 748 2977 a
760 2914 1069 2980 Westmonasterio
1086 2933 1197 2995 usque
1211 2915 1340 2994 regiam

395 3017 523 3074 turrem
553 3032 614 3094 per
644 3032 768 3093 aquam
802 3013 1000 3078 Thamesim
1038 3014 1229 3093 navigaret,
1261 3031 1340 3092 pro-

389 3109 552 3191 jicientes
581 3132 625 3175 ex
661 3120 765 3193 ponte
796 3113 831 3174 in
866 3133 988 3177 navem
1024 3113 1132 3194 ipsius
1163 3112 1274 3175 lutum
1306 3117 1342 3172 et

394 3208 539 3291 lapides,
571 3217 606 3274 et
637 3211 887 3274 contumeliosa
925 3214 1028 3275 verba
1054 3211 1289 3293 ‘protulerant
1302 3208 1341 3287 ;’¹

395 3307 528 3371 interim
549 3311 728 3374 verodom
750 3311 800 3373 sic
825 3319 1034 3391 sequeretur
1047 3310 1217 3390 fugientes
1235 3309 1341 3370 irrue*

395 3414 476 3470 runt
499 3409 645 3472 barones
667 3409 703 3470 in
728 3409 835 3472 aciem
852 3411 943 3490 regis
959 3408 1158 3484 secundam,
1172 3409 1343 3490 periitque

396 3505 472 3586 ejus
494 3525 575 3586 pars
598 3508 751 3570 maxima
772 3515 807 3572 et
831 3515 954 3588 captus
978 3516 1031 3570 est
1049 3511 1111 3570 r'ex
1129 3505 1342 3572 Alamanniae

395 3623 474 3666 cum
493 3605 648 3670 Roberto
672 3605 713 3668 de
739 3607 853 3688 Bruys
881 3614 915 3670 et
941 3606 1101 3669 Johanne
1127 3605 1262 3686 Comyn
1284 3605 1344 3684 qui

396 3700 518 3764 Scotos
550 3703 769 3767 adduxerant
793 3723 1005 3780 numerosae,
1025 3704 1269 3785 perforatoque
1290 3707 1344 3765 est

396 3799 488 3862 acies
518 3800 627 3880 ipsius
662 3802 751 3881 regis
784 3809 818 3864 et
848 3802 1046 3867 dextrarius
1077 3803 1153 3884 ejus
1190 3803 1343 3878 occisus;

396 3917 542 3979 cumque
560 3898 727 3962 vidissent
748 3901 802 3962 sui
826 3901 953 3964 multos
978 3901 1147 3964 corruisse
1167 3908 1344 3980 etquam-

396 3996 512 4078 plures
536 3998 654 4078 fugam
677 3998 805 4076 iniisse,
824 4001 1037 4063 reduxerunt
1052 4019 1168 4080 regem
1186 3999 1221 4060 iu
1239 3992 1355 4060 abba-'

432 4220 438 4250 ¹
455 4225 663 4288 ‘prompserunt’
674 4227 731 4275 MS.
743 4226 808 4276 Coll.
820 4226 891 4276 Arm.
901 4243 908 4286 ;
925 4225 1127 4288 ‘promererent’
1140 4227 1198 4274 MS.
1211 4225 1304 4273 Lausd.
