3130 4990
420 501 591 549 wacrnnr
615 501 662 548 nn
686 500 967 548 unuiuonuacrr.
1096 483 1161 550 287

244 763 445 846 Conflmatio
458 763 560 847 Papae
574 781 668 848 mm
685 763 799 826 earm
805 762 977 849 Pmdiw
992 772 1020 826 π
1033 783 1126 848 WPW
1189 786 1263 832 nsnry
1274 783 1316 822 111.

513 862 847 928 Eccornmuoicetione.
1179 834 1325 898 Q

264 1051 488 1116 Innocentius
515 1051 584 1116 IV.
615 1051 809 1132 episcopus,
838 1069 959 1113 servus
986 1069 1166 1114 servorum
1177 1063 1314 1164 pyrprpgeon

215 1151 294 1228 Dei,
309 1152 561 1217 venerabilibus
579 1150 743 1214 fratribus
758 1149 1025 1231 archiepiscopis
1043 1158 1079 1213 et
1092 1151 1326 1231 epi-1nnooent1v·

215 1251 329 1331 scopis
342 1252 439 1331 regni
451 1249 602 1330 Angliae,
614 1249 762 1312 salutem
778 1256 813 1312 et
824 1247 1052 1330 apostolicam
1062 1250 1165 1312 bene-

215 1349 409 1414 dictionem.
455 1349 543 1414 Cum
560 1368 581 1414 a
596 1348 694 1412 nobis
711 1347 842 1429 petitur
857 1348 949 1429 quod
960 1347 1097 1430 justum
1112 1356 1167 1412 est

216 1456 252 1514 et
264 1448 458 1525 honestum,
470 1456 541 1513 tam
558 1448 653 1529 rigor
665 1448 829 1529 equitatis
844 1467 947 1529 quam
960 1447 1043 1512 ordo
1056 1448 1167 1528 exigit

216 1548 360 1612 rationis
376 1557 416 1612 ut
443 1548 478 1611 id
504 1566 567 1630 per
587 1547 838 1618 solicitudinem
866 1545 969 1610 officii
995 1547 1105 1611 nostri
1122 1547 1167 1610 ad

218 1647 370 1711 debitum
403 1647 613 1730 perducatur
640 1644 821 1724 effectum3
856 1665 1003 1727 cumque
1035 1647 1166 1728 itaque,

217 1747 307 1810 sieut
321 1767 366 1810 ex
382 1755 482 1829 parte
491 1753 609 1811 vestra
623 1746 689 1808 fuit
704 1746 917 1826 propositum
927 1765 1044 1810 coram
1057 1745 1166 1821 nobis,

216 2018 381 2066 marescallus
402 2017 514 2079 Angliae,
538 2016 574 2065 H.
595 2030 679 2066 comes
705 2017 773 2077 quod
806 2016 923 2065 dominus
955 2032 1000 2066 rex
1028 2021 1169 2079 transgres-

218 2086 378 2136 Herel'ordiae
390 2089 415 2134 et
426 2086 551 2145 Essexiae‚
562 2087 587 2135 J.
596 2100 679 2134 comes
706 2087 800 2134 sionem
811 2085 880 2134 illam
890 2101 936 2147 per
943 2087 1168 2136 considerationem

217 2157 251 2205 de
263 2157 412 2218 Warrewic,
425 2157 518 2206 Petrus
534 2156 566 2204 de
582 2156 681 2204 Saban—
705 2156 784 2204 curiae
795 2171 850 2204 suae
861 2155 940 2205 faeiat
949 2157 1086 2207 emendari.
1114 2157 1168 2205 Sei·

217 2227 272 2288 dia,
288 2227 415 2286 ceterique
426 2230 557 2288 magnetes
568 2225 680 2288 Angliae,
705 2226 798 2274 endum
815 2229 900 2274 autem
916 2227 984 2287 quod
1003 2227 1023 2274 si
1044 2227 1071 2274 in
1089 2227 1169 2288 scrip·

218 2301 398 2345 consenserunt
420 2296 446 2343 in
465 2295 614 2344 sententiam
636 2309 680 2343 ex⁴
705 2295 770 2343 turis
793 2310 870 2357 super
893 2295 981 2344 eadem
1005 2297 1128 2344 sententia
1151 2311 1168 2345 a

218 2365 452 2414 communicationis
471 2365 622 2428 generaliter
643 2364 680 2412 la-
705 2365 900 2426 quibuscunque
918 2366 1039 2414 conlectis
1050 2379 1095 2415 seu
1106 2379 1167 2414 con·

218 2441 271 2484 tarn
289 2436 360 2496 apud
371 2435 622 2485 Westmonasterium
632 2437 682 2482 ter·
704 2434 819 2484 finiendis
835 2435 905 2484 aliud
922 2436 961 2484 vel
977 2436 1051 2485 aliter
1066 2437 1168 2498 apposi-

217 2506 254 2553 tio
271 2506 370 2554 decimo
386 2505 428 2553 die
445 2505 512 2552 Maii
528 2519 593 2553 anno
610 2504 681 2564 regni
705 2505 807 2552 tumvel
819 2505 946 2566 adjectum
958 2505 1097 2567 luerit‚aut
1107 2506 1168 2554 erti-

218 2576 287 2637 regis
314 2573 431 2636 praedieti
454 2585 556 2622 xxxvii.
578 2575 605 2622 in
633 2572 681 2621 hac
705 2573 757 2621 culi
770 2573 849 2633 aliqui
861 2573 907 2622 alii
924 2573 998 2622 ineis
1010 2577 1118 2622 contenti
1130 2576 1168 2622 in-

218 2645 308 2706 forma,
319 2644 492 2705 scilicetquod
503 2644 606 2692 vinculo
616 2657 681 2704 prae·
705 2643 846 2703 veniantur,
861 2643 978 2692 dominns
995 2658 1040 2692 rex
1060 2649 1085 2692 et
1100 2657 1166 2705 prae-

218 2715 280 2763 fatae
307 2715 438 2762 sententiae
460 2714 571 2776 ligentur
596 2727 681 2761 omnes
705 2712 768 2761 dicti
779 2717 909 2774 magnates
924 2727 1010 2762 omnes
1020 2718 1046 2760 et
1056 2728 1167 2762 commu-

220 2785 348 2832 venientes
368 2788 455 2832 contra
475 2784 605 2831 libertates
624 2797 682 2831 con·
705 2783 772 2830 nitas
783 2782 872 2844 populi
886 2787 1055 2843 protestantur
1065 2782 1167 2844 publice

218 2853 598 2902 tentasineartiscommunium
606 2852 682 2900 liber-
706 2854 733 2900 in
755 2853 892 2914 praesentia
917 2852 1099 2901 venerabilium
1123 2867 1168 2914 pa·

218 2929 301 2972 tatum
317 2923 420 2984 Angliae
438 2927 463 2971 et
483 2923 515 2971 de
536 2922 639 2984 foresta,
656 2926 682 2970 et
706 2927 771 2970 trum
784 2923 816 2972 Β.
829 2923 881 2971 Dei
889 2923 971 2985 gratia
978 2923 1169 2972 cantuariensis

219 3008 306 3042 omnes
317 2994 363 3054 qui
371 2993 500 3042 libertates
507 2993 622 3040 ecelesiae
629 2991 681 3039 An·
706 2993 900 3053 archiepiscopi,
911 2993 989 3041 totius
1000 2993 1101 3055 Angliae
1117 2995 1169 3054 pri-

218 3064 327 3124 glicanae
337 3063 494 3124 temporibus
504 3062 600 3110 domini
614 3062 682 3122 regis
706 3063 791 3123 matls,
815 3076 911 3110 necnon
939 3067 966 3110 et
993 3063 1168 3123 episcoporum

218 3137 245 3182 et
255 3133 470 3193 praedecessorum
482 3145 584 3180 snorum
594 3145 682 3193 regum
706 3132 818 3179 onmium
829 3131 856 3178 in
867 3131 955 3180 eodem
965 3131 1091 3192 colloquio
1102 3133 1169 3180 exis·

220 3202 322 3262 Angliae
339 3205 454 3263 optentas
471 3205 497 3250 et
513 3202 621 3250 usitatas
633 3202 682 3250 sci·
707 3201 822 3260 tentium,
844 3201 912 3259 quod
940 3200 965 3246 in
987 3213 1018 3248 ea
1038 3214 1168 3259 nunquam

220 3277 291 3321 enter
301 3275 327 3320 et
337 3272 467 3321 maliciose
477 3271 627 3320 violaverint
638 3275 683 3319 aut
707 3271 887 3318 consenserunt
896 3269 1112 3316 nec‘consentiunt
1123 3269 1168 3316 sed

219 3342 355 3404 infringere
367 3342 584 3403 presumpserint,
594 3345 620 3389 et
630 3354 683 3388 om·
708 3341 740 3388 de
752 3339 828 3400 plano
839 3338 879 3386 eis
888 3338 1072 3388 contradicunt.
1097 3338 1168 3390 Pra·

220 3427 265 3461 nes
283 3412 322 3459 illi
339 3413 383 3472 qui
400 3425 489 3472 pacem
505 3409 600 3458 domini
616 3411 683 3471 regis
707 3414 777 3458 terea
798 3407 921 3469 praefatus
940 3407 1057 3456 dominus
1076 3408 1168 3469 rex,in

220 3486 246 3530 et
262 3482 334 3543 regni
351 3478 561 3543 perturbaverint,
572 3485 597 3528 et
614 3479 683 3527 simi-
707 3475 1169 3540 prolationeprael'ataesententiae‚om-

220 3551 280 3600 liter
289 3562 376 3600 omnes
387 3551 432 3612 qui
444 3552 506 3612 jura
517 3553 542 3597 et
553 3548 683 3598 libertates
708 3561 753 3598 nes
775 3549 905 3596 libertates
928 3552 953 3597 et
975 3545 1169 3595 consuetudines
1237 3573 1239 3578 ·
1331 3543 1334 3550 “

220 3622 290 3684 regis
307 3625 332 3670 et
348 3621 419 3682 regni
435 3619 585 3681 diminuere,
595 3619 684 3666 inirin-
707 3619 778 3680 regni
788 3617 869 3665 nostri
884 3618 1002 3678 antiquas
1013 3620 1039 3664 et
1052 3616 1170 3678 usitatas,

220 3705 289 3754 gere,
304 3705 349 3739 sen
367 3691 499 3738 immutare
516 3703 684 3750 praesumpse-
708 3692 734 3736 et
743 3687 880 3750 dignitates
891 3691 917 3736 et
923 3689 984 3748 jura
994 3699 1093 3735 coronae
1105 3699 1170 3748 suae,

221 3759 683 3820 rint3etquodomnesvenientescon-
708 3773 751 3806 ore
773 3757 875 3819 proprio
897 3757 1041 3818 specialiter
1068 3756 1118 3804 sibi
1145 3759 1172 3804 et

220 3827 683 3891 mapraemissaveleornmaliquaig·
708 3842 784 3888 regno
807 3841 854 3876 suo
880 3827 988 3875 salvavit
1014 3831 1040 3874 et
1060 3826 1170 3886 excepit.

220 3904 347 3960 noranter,
353 3903 379 3948 et
385 3897 497 3959 legitime
513 3897 611 3956 moniti,
619 3897 684 3945 infra
708 3897 739 3944 In
747 3899 822 3958 cujus
833 3896 870 3944 rei
881 3897 1033 3956 memoriam,
1042 3899 1068 3943 et
1076 3896 1102 3941 in
1113 3908 1171 3954 pos-

220 3969 374 4030 quindenem
384 3970 442 4028 post
448 3966 608 4014 monitionem
619 3980 684 4026 prae·
708 3969 790 4014 terum
804 3965 918 4013 veritatis
934 3963 1171 4022 testimonium‚tnrn

221 4041 323 4088 missam
344 4039 439 4085 dictam
461 4035 684 4098 transgressionem
708 4035 826 4082 dominus
840 4047 886 4080 rex
902 4047 979 4093 quam
995 4031 1113 4092 predicti
1130 4045 1172 4078 co·

219 4123 270 4157 non
291 4106 487 4166 emendaverint,
506 4110 598 4153 extunc
617 4119 683 4164 pree·
709 4100 1093 4152 mitesedinstmrtiamaliorum
1102 4113 1173 4160 mag·

219 4178 296 4226 dictae
324 4175 456 4225 sententiae
482 4175 684 4223 excommunica-
709 4177 796 4220 uatum
807 4175 834 4220 et
845 4169 943 4232 populi,
952 4169 1172 4230 praesentiscripto

218 4247 297 4296 tionis
324 4244 507 4306 subjacebunt;
536 4245 573 4292 ita
600 4248 684 4292 tamen
709 4241 795 4304 sigilla
806 4255 854 4290 sua
864 4237 1064 4302 apposuerunt.’¹
