3134 4990
369 477 436 544 252
737 496 949 546 canonicor

250 683 316 724 ran.
369 660 443 717 tum
457 651 640 717 consilium
659 652 719 716 sed
735 661 771 717 ct
787 671 953 734 personas
980 652 1175 734 Anglorum
1193 656 1327 735 sprevit

209 731 358 797 Q
369 759 405 816 et
419 752 647 834 contempsit:
672 752 857 834 optimates
873 753 976 816 ctiam
998 753 1053 818 sui
1068 752 1273 818 deridebant
1289 763 1325 818 et

368 851 561 915 illudebant
578 853 798 931 magnatibus
815 860 929 928 terrac,
942 859 978 915 et
993 852 1028 917 in
1043 858 1178 916 tantam
1202 871 1324 934 supcr-

369 949 462 1014 biam
488 949 593 1013 erecti
614 959 696 1015 sunt
717 952 810 1035 quod
840 970 900 1034 per
926 951 1120 1032 potentiam
1145 952 1323 1033 propriam

206 1069 318 1158 :aaa
369 1050 485 1112 omnia
514 1048 643 1113 vellent
673 1048 917 1133 ‘opprimere’¹
948 1057 984 1114 et
1017 1050 1167 1128 habere3
1205 1057 1323 1114 vasta-

206 1131 302 1220 aba.
369 1154 563 1229 veruntque
584 1148 665 1229 igne
688 1156 724 1212 et
741 1149 858 1232 gladio
884 1169 946 1232 per
971 1149 1084 1213 dietas
1107 1148 1324 1213 ‘modicas'²

149 1276 155 1284 ·
206 1268 357 1318 umam
369 1264 480 1328 usque
506 1245 587 1309 dum
611 1247 769 1312 venirent
795 1247 1023 1312 Lincolniam.
1076 1235 1324 1330 indignatique

208 1318 340 1359 “mm
368 1352 549 1426 magnates
586 1351 688 1410 terrae
720 1354 935 1411 recesserunt
963 1348 1007 1410 ab
1041 1365 1095 1423 eo,
1129 1347 1323 1410 nescientes

370 1451 486 1508 tamen
514 1461 585 1526 qua
601 1452 709 1526 parte
737 1465 775 1511 se
800 1444 1025 1523 diverterent,
1050 1465 1092 1510 eo
1122 1445 1215 1528 quod
1241 1465 1321 1528 per-

368 1561 490 1606 sonam
506 1543 599 1624 regis
615 1543 782 1609 haberent
798 1563 953 1610 exosam.

605 1769 654 1833 De
669 1767 773 1832 Morte
787 1767 881 1856 Rapis
895 1767 1060 1832 Jotoaats.

208 1967 332 2056 trapam
422 1944 567 2008 Interim
585 1945 683 2028 justo
700 1941 768 2004 Dei
778 1940 923 2024 judicio,
941 1941 1001 2022 qui
1018 1941 1091 2004 suis
1108 1943 1323 2023 temporibus

207 2023 344 2108 ἓῗιῗιὲιιῗια
370 2043 513 2108 malitiae
530 2045 633 2107 finem
652 2037 880 2123 ‘imposuit,’³
903 2039 1048 2120 contigit
1070 2041 1132 2117 sic,
1154 2041 1236 2103 dum
1259 2061 1323 2106 rex

208 2119 288 2166 “hm''
368 2143 443 2224 ipse
480 2142 660 2207 Johanncs
697 2139 741 2203 ad
771 2138 1033 2202 monasterium
1070 2138 1113 2202 dc
1155 2139 1320 2223 Swynes·

369 2239 498 2306 heved⁴
514 2241 605 2324 quod
631 2260 652 2303 a
670 2245 791 2301 sancto
806 2237 984 2320 Botulpho
1005 2237 1114 2301 distat
1136 2258 1198 2319 per
1220 2241 1320 2322 quin-

368 2359 435 2423 que
456 2338 627 2415 milliaria,
643 2335 840 2418 hospitandi
861 2354 968 2400 causa
986 2336 1183 2416 declinaret,
1199 2339 1321 2403 ‘audi-

367 2437 450 2504 vit’⁵
465 2439 624 2502 abbatem
636 2435 790 2520 ejusdcm
806 2436 873 2500 loci
885 2435 1064 2517 pulchram
1081 2436 1208 2500 habere
1222 2457 1319 2502 soro-

367 2558 440 2602 rem
465 2538 665 2620 priorissam
683 2534 862 2619 cujusdam
886 2535 954 2598 loci
980 2536 1177 2617 propinqui,
1196 2555 1319 2601 accen·

367 2657 498 2720 susque
513 2644 580 2700 ‘cx
601 2654 697 2700 more
722 2625 893 2698 libidine'⁶
915 2633 1010 2697 misit
1037 2635 1208 2698 satellites
1236 2654 1319 2699 suos

368 2744 408 2800 ut
438 2755 513 2800 eam
544 2735 755 2799 adducerent
780 2733 825 2796 ad
851 2752 908 2798 se:
934 2732 1025 2815 quod
1055 2753 1132 2796 cum
1165 2733 1320 2800 audisset

368 2835 476 2897 abbas
500 2833 607 2897 frater
637 2833 725 2916 ejus,
742 2832 851 2896 tristis
878 2831 1063 2894 admodum
1089 2832 1230 2896 effectus
1253 2842 1318 2912 est,

368 2932 548 3014 noluitque
583 2951 604 2994 a
641 2930 806 2995 fratribus
838 2929 1108 2995 consolationem
1143 2932 1317 3014 recipere:

367 3031 423 3095 cui
438 3031 528 3094 dixit
544 3049 633 3093 unus
647 3049 692 3094 ex
715 3030 891 3095 conversis
916 3029 989 3093 suis
1012 3030 1074 3111 qui
1098 3049 1217 3095 curam
1234 3032 1316 3096 hos·

366 3130 441 3212 pitii
457 3130 601 3212 gerebat
624 3137 659 3194 et
681 3128 861 3192 familiaris
879 3136 914 3192 ct
940 3135 1045 3192 notus
1068 3128 1208 3194 domino
1231 3132 1318 3212 regi,

367 3228 494 3308 “Quid
517 3228 637 3307 habes,
652 3235 763 3312 pater,
787 3248 849 3292 cur
875 3227 1003 3290 decidit
1027 3228 1146 3292 vultus
1176 3239 1257 3292 tuus
1282 3237 1318 3293 et

366 3329 500 3393 tristior
525 3329 628 3393 solito
652 3334 705 3390 est
727 3326 834 3390 facies
860 3326 970 3391 tuat”
994 3327 1049 3389 cui
1074 3329 1194 3404 abbas,
1216 3333 1239 3363 “
1252 3328 1317 3392 So-

366 3428 512 3504 rorem,'’
547 3428 672 3510 inquit,
699 3431 722 3461 “
734 3446 845 3490 meam
870 3444 1033 3508 sponsam
1058 3424 1189 3490 Christi
1211 3431 1317 3509 quam

366 3526 472 3591 dilexi
487 3527 649 3609 proponit
664 3526 849 3608 deturpare
866 3543 930 3589 rex
943 3525 977 3588 :''
1000 3539 1037 3588 at
1046 3524 1116 3603 ille,
1135 3531 1158 3560 “
1170 3525 1319 3607 Ignosce

366 3626 461 3701 mihi,
484 3632 594 3707 pater,
617 3633 652 3688 ct
684 3643 746 3688 ora
771 3643 835 3706 pro
865 3643 931 3700 me,
958 3631 994 3687 et
1014 3623 1179 3687 auferam
1210 3626 1318 3689 vitam

364 3723 473 3805 iniqui
488 3741 510 3784 a
535 3730 628 3786 terra
645 3729 680 3785 et
696 3722 854 3787 timorem
869 3711 979 3804 ipsius
1004 3741 1026 3785 a
1051 3725 1316 3788 conversatione

399 3895 623 3960 '‘opprimendo‚'
664 3897 722 3947 MS.
760 3897 826 3948 Goll.
886 3896 936 3946 ‘A
950 3897 1093 3948 cistercien
1110 3899 1194 3960 abbey
1211 3899 1238 3946 in
1256 3898 1318 3946 Lin-

363 3970 437 4020 Arm.
852 3968 977 4017 colnshire
993 3969 1104 4018 founded
1122 3970 1157 4029 by
1173 3969 1269 4018 Robert
1285 3969 1318 4016 dc

395 4039 489 4088 ’‘non
517 4036 648 4101 modicas‚’
676 4037 734 4088 MS.
757 4037 825 4088 oott
851 4037 1077 4088 Greslciinlltt.

361 4109 564 4240 ”lump
583 4176 659 4227 MSS·
671 4177 825 4228 mand
885 4143 895 4173 ⁶
911 4145 1026 4194 ‘audivit
1037 4145 1122 4209 enim:
1134 4145 1191 4196 ms
1205 4145 1300 4194 cansa

361 4245 497 4296 Gott'lib.
884 4244 998 4296 “more
1008 4243 1142 4309 libidinis:
1151 4246 1209 4296 MS.
1222 4246 1319 4296 Lansd.

1552 4157 1559 4308 l
