3116 4990
417 489 585 539 winrnnr
609 491 656 536 nn
680 490 962 542 nnurnonunon.
1094 479 1158 544 123

205 649 347 712 audiens
381 655 498 712 autem
534 647 717 712 Saladinus
748 649 954 715 ‘abductam
987 650 1156 729 militiam,
1188 672 1262 721 nem
1271 672 1304 711 11.

206 748 271 812 et'¹
295 756 422 812 terram
448 747 589 811 Domini
611 748 690 829 plus
716 747 819 812 solito
844 749 1012 831 praesidiis
1031 770 1157 814 vacua·
1181 722 1310 762 ΗΜ

207 857 289 924 tam,
319 868 398 911 cum
426 847 559 910 infinito
592 848 745 910 exercitu
779 849 977 930 repentinus
1009 850 1155 929 irruens,

206 956 371 1030 tanquam
397 951 617 1029 possessurus
639 947 796 1022 eandem,
819 948 940 1012 intima
962 949 1038 1033 ejus
1063 949 1155 1015 illico

206 1047 412 1130 penetravit.
464 1047 564 1110 Tunc
588 1047 746 1129 princeps
769 1046 986 1112 Christianus
1006 1057 1156 1131 quantu-

207 1147 276 1211 lam
302 1166 365 1228 pro
389 1153 543 1229 tempore
571 1147 684 1228 potuit
705 1146 862 1211 militiam
889 1167 1095 1226 convocans,
1121 1159 1157 1214 et

207 1246 431 1329 proeliaturus
447 1265 515 1309 non
530 1264 630 1309 suum
650 1245 711 1309 sed
726 1247 869 1310 Domini
888 1248 1059 1329 proelium,
1075 1246 1155 1311 hos·

208 1347 295 1409 tium
325 1364 485 1409 numeros
521 1364 590 1408 non
618 1345 780 1426 expavit:
818 1346 946 1427 itaque,
977 1355 1154 1427 praeeunte

205 1444 336 1508 vexillo
366 1443 544 1518 dominico,
569 1443 676 1527 juxta
713 1444 839 1519 Rama,
869 1445 1033 1526 oppidum
1061 1446 1152 1527 quod
1165 1464 1260 1512 sregeor

206 1544 322 1607 hostes
357 1543 573 1620 obsederant,
605 1561 852 1625 congressurus
883 1564 961 1607 cum
990 1544 1053 1622 eis,
1083 1552 1152 1609 tre·
1165 1515 1259 1554 mm

207 1642 348 1706 mendas
367 1643 445 1707 illas
468 1643 597 1726 copias,
613 1642 730 1707 divino
745 1643 853 1708 fretus
874 1643 1016 1722 auxilie,
1033 1644 1151 1726 profli-

207 1744 325 1824 gavit3
348 1742 530 1806 Saladinus
549 1742 633 1824 fuga
653 1742 791 1826 elapsus
808 1763 900 1824 aegre
919 1743 1043 1820 evasit,
1065 1750 1154 1808 ‘cae-

207 1843 253 1906 sis
279 1843 321 1906 de
347 1843 501 1906 exercitu
524 1841 600 1926 ejus
623 1842 740 1906 multis
760 1842 956 1907 millibus.'²
1008 1842 1155 1908 Gestum

208 1949 259 2006 est
295 1943 359 2006 hoc
393 1941 553 2024 proelium
595 1943 672 2006 Deo
708 1943 857 2025 propitio
890 1959 953 2006 v11.
988 1939 1155 2007 kalendas
1167 1965 1267 2010 nonen.

209 2042 429 2121 Decembris;
459 2061 579 2105 rerum
610 2061 699 2105 anno
721 2042 879 2125 sequenti
906 2047 1047 2124 propter
1075 2015 1265 2125 pec-di}]²⁵’

209 2149 287 2205 eata
309 2142 495 2218 hominum,
519 2161 597 2224 quae
619 2143 739 2224 utique
767 2141 929 2205 divinitas
958 2142 1042 2218 odit,
1075 2163 1156 2206 con·

208 2248 263 2304 tra
284 2241 450 2324 populum
476 2240 721 2317 Christianum,
752 2242 864 2304 minus
886 2248 1006 2305 sancte
1028 2241 1155 2323 degen-

209 2348 290 2418 tem,
317 2341 467 2405 coelestis
496 2342 549 2404 ira
573 2340 772 2404 excanduit.
826 2340 914 2405 Cum
943 2341 1033 2404 enim
1058 2341 1156 2405 Sala-

209 2440 308 2504 dinus
333 2440 376 2505 ad
400 2441 608 2522 expiandum
636 2439 861 2522 praecedentis
887 2441 967 2504 anni
996 2440 1155 2519 dedecus,

209 2540 294 2604 fines
324 2541 537 2605 Christianos
564 2541 764 2604 instructior
786 2540 1035 2623 terribiliorque
1058 2542 1155 2604 inva-

209 2640 316 2717 deret,
345 2642 453 2705 nostri
478 2641 580 2704 etiam
609 2639 718 2704 multo
742 2640 978 2703 instructiores
1000 2660 1158 2704 numero-

209 2741 385 2822 sioresque
418 2758 519 2823 quam
555 2740 661 2823 prius,
698 2745 826 2822 ‘atque
861 2739 939 2803 ideo
974 2741 1086 2803 minus
1123 2741 1158 2803 in
1172 2754 1298 2794 anuu-

210 2840 359 2903 Domino
393 2840 475 2903 dum
505 2840 547 2903 de
578 2859 615 2904 se
642 2847 889 2922 praesumerent
909 2838 1158 2917 confidentes,’³
1171 2820 1274 2913 ξῗζξῖἷὶἷ,

210 2940 370 3021 proelium
391 2940 442 3003 illi
463 2940 497 3002 in
520 2939 674 3002 terminis
695 2939 896 3016 intulerunt,
921 2939 980 3002 ubi
1002 2940 1079 3003 Deo
1105 2960 1158 3003 re·

211 3040 352 3104 sistente
371 3039 526 3122 superbis
546 3039 670 3121 quibus
692 3045 795 3103 antea
817 3038 1002 3103 humilibus
1019 3040 1161 3103 dederat

211 3140 371 3220 gratiam,
406 3139 559 3203 maxima
586 3138 858 3203 Christianorum
895 3144 1030 3219 strages
1067 3139 1161 3202 facta

212 3246 283 3313 est;
312 3259 400 3303 caeso
423 3259 493 3302 non
514 3258 622 3320 parvo
643 3237 789 3302 militum
811 3257 966 3313 numero,
988 3257 1065 3300 cum
1089 3257 1161 3301 ma-

211 3339 319 3418 gistro
344 3338 475 3402 militiae
502 3336 656 3421 Templi⁴
684 3345 719 3400 et
745 3337 968 3418 optimatibus
993 3337 1159 3418 plurimis

213 3437 354 3502 Initium
370 3437 527 3502 dolorum
542 3437 637 3517 haec3
661 3442 684 3472 “
697 3436 849 3500 nondum
863 3436 953 3499 enim
970 3443 1044 3500 erat
1060 3456 1158 3501 aver-

211 3556 270 3600 sus
299 3538 394 3601 furor
424 3538 576 3613 Domini,
607 3538 667 3601 sed
698 3535 810 3600 adhuc
839 3553 962 3600 manus
991 3536 1067 3620 ejus
1099 3555 1159 3600 ex-

213 3634 363 3700 tenta.”⁵
415 3638 599 3720 ‘Denique
616 3644 801 3719 postquam
817 3636 977 3701 Caesarea
995 3637 1160 3718 Philippi,

212 3756 289 3818 quae
315 3738 414 3819 quasi
437 3738 544 3802 clavis
568 3736 842 3801 Christianorum
862 3745 936 3800 erat
954 3745 1075 3802 contra
1091 3737 1161 3801 Da-

249 3921 256 3954 ¹
285 3927 293 3955 ‘
316 3930 427 3979 abducta
463 3925 584 3990 militia‚'
615 3928 674 3976 MS.
735 3927 889 3990 ‘Bohadin
898 3930 940 3978 the
949 3930 1062 3978 Arabian
1072 3927 1163 3976 author

212 3997 307 4047 Lansd.
701 3997 730 4046 of
737 3999 779 4046 the
793 3999 847 4047 Life
854 3999 884 4046 oi
892 3999 1005 4059 Solodin,
1016 3998 1120 4045 informs
1131 4011 1162 4044 ns

247 4065 258 4094 ⁹
274 4067 387 4115 Omitted
398 4067 425 4115 in
439 4068 497 4117 MS.
510 4069 603 4117 Lansd.
701 4069 756 4117 that
766 4068 808 4116 the
823 4068 921 4115 Mester
932 4067 960 4115 of
973 4067 1015 4115 the
1031 4066 1163 4127 Tcmpiars

247 4133 257 4165 ³
274 4137 371 4198 ‘atque
390 4137 448 4186 ideo
465 4140 491 4186 in
503 4139 612 4186 Domino
631 4137 676 4184 nri·
703 4151 757 4187 was
768 4138 845 4185 taken
857 4137 980 4198 prisoner.

213 4219 271 4268 nus,
282 4207 327 4255 sed
345 4207 371 4254 in
388 4208 486 4269 seipsos
505 4202 676 4267 confidentes,’

215 4275 271 4326 MS.
286 4277 380 4326 Lansd.
740 4269 750 4299 ⁵
768 4271 864 4333 lsaiah,
877 4285 900 4320 v.
913 4275 954 4320 25.
