3134 4990
364 470 534 518 wanrnru
559 469 606 516 nn
629 469 912 518 uantucauacu.
1049 452 1114 517 211

163 643 231 707 que
266 644 405 707 quoque
443 625 574 707 pariter
605 624 807 708 jurantibus
844 626 938 708 quod
973 626 1005 689 si
1023 626 1114 690 forte
1141 632 1266 728 yffi·

160 724 331 808 judicium
351 723 622 788 ecclesiasticum
640 744 702 806 per
718 743 797 787 eum
817 725 930 788 minus
951 725 1115 806 procede-
1127 737 1277 754 -··“’

165 831 230 898 ret,
261 823 327 904 ipsi
360 823 470 886 modis
501 824 659 886 omnibus
692 831 920 904 procurarent
955 843 998 887 ne
1030 823 1114 906 quid

166 942 212 985 ex
226 921 280 984 his
297 941 376 1004 quae
396 919 632 985 statuerentur
655 921 692 984 in
716 922 851 986 irritum
870 922 1026 987 cederet:
1050 922 1116 986 hac

167 1021 274 1100 igitur
294 1021 453 1084 cautione
474 1021 633 1101 praestita
652 1020 879 1084 absolutionis
896 1041 1021 1086 munus
1036 1041 1115 1103 pro·

169 1120 312 1192 mernit;
337 1139 489 1201 moxque
503 1118 638 1182 obsides
662 1119 753 1198 regis
768 1115 961 1200 Anglorum
978 1120 1116 1184 liberarl
1128 1137 1263 1227 ffi‘ffl‘fl

169 1215 357 1300 praecepit.¹
415 1217 556 1283 Verum.
573 1235 651 1280 cum
673 1217 936 1298 ingravescente
957 1219 1117 1283 molestia
1128 1196 1247 1284 siut·

170 1317 374 1399 ex'pirasset,
389 1316 575 1380 succedens
592 1315 684 1378 filius
704 1323 858 1398 paternae
878 1337 1016 1399 quoqne
1033 1336 1117 1381 ava·
1129 1309 1282 1422 {affin

169 1415 257 1481 ritiae
287 1414 397 1478 haeres
426 1435 503 1480 esse
527 1415 659 1488 voluit;
692 1415 783 1478 unde
810 1415 940 1479 iactum
970 1425 1025 1480 est
1056 1435 1117 1498 per
1128 1425 1239 1466 deam

162 1513 380 1580 laudabilem
407 1513 490 1578 cleri
521 1513 632 1576 zelum
666 1521 704 1578 ut
738 1515 827 1577 tanti
863 1513 959 1578 ducis
991 1534 1117 1597 corpus

171 1612 290 1698 diebus
307 1612 440 1695 aliquot
455 1613 670 1676 inhumatum
691 1611 900 1676 inobedienti
915 1613 986 1677 lilio
1001 1633 1118 1676 macu-

171 1711 240 1776 lam
253 1712 436 1793 irrogaret,
458 1711 519 1792 qui
540 1710 677 1774 tandem
695 1717 937 1775 consternatus
950 1731 1119 1776 memora·

125 1837 129 1843 ·
172 1819 226 1874 tos
251 1809 387 1874 obsides
417 1809 575 1873 absolute
604 1809 789 1886 relaxavit,
821 1811 940 1892 eisque
970 1817 1121 1892 quatuor

172 1928 366 1974 marcarum
386 1909 493 1972 millia
510 1907 584 1989 regi
598 1905 792 1990 Anglorum
813 1908 1023 1990 reportanda
1039 1927 1119 1973 con-

171 2006 307 2072 tradere
334 2007 465 2080 voluit;
498 2015 536 2071 at
561 2005 612 2070 illi
636 2013 777 2088 propter
802 2008 936 2071 viarum
969 2008 1120 2090 pericula
1132 2018 1264 2108 fflfffflm

171 2107 325 2188 expediti
347 2106 536 2187 repatriare
557 2105 765 2182 maluerunt,
786 2113 823 2170 et
844 2114 944 2170 tanto
966 2107 1120 2171 velocius

172 2211 306 2287 quanto
329 2212 365 2269 et
389 2205 538 2268 alacrius
566 2211 791 2280 revertentes,
813 2224 886 2268 suae
908 2204 1121 2268 liberationis

174 2304 293 2370 nuncii
315 2304 419 2386 primi
435 2303 636 2368 extiterunt.
689 2301 842 2368 Garisns
869 2311 922 2367 est
939 2323 1023 2384 ergo
1045 2323 1122 2380 rex,

173 2403 306 2483 gratias
323 2402 402 2466 Deo
416 2421 538 2484 agens,
553 2409 589 2467 et
605 2421 718 2466 mores
739 2403 775 2465 in
795 2401 919 2466 melius
936 2403 1122 2484 corrigens,

173 2509 304 2566 extunc
321 2501 507 2565 correctior
521 2501 651 2566 vixisse
668 2501 875 2582 perhibetur.

175 2723 269 2808 Beyos
282 2721 380 2785 muri
394 2728 595 2785 centaurum
610 2719 656 2782 ad
668 2719 835 2798 Proelirnn,
853 2729 881 2784 et
895 2721 963 2784 Boc
976 2721 1125 2785 Francia

557 2818 736 2883 declinavit.

227 2967 379 3049 Expleta
410 2965 548 3030 tandem
583 2964 797 3030 induciarum
840 2973 1006 3050 tempore,
1045 2987 1123 3032 cum
1136 2978 1251 3068 ware

177 3086 276 3148 reges
296 3065 393 3128 nulla
411 3063 601 3130 ‘ratione’²
623 3065 755 3129 foedera
779 3066 874 3148 pacis
897 3067 1123 3148 susciperent,
1137 3039 1267 3167 {affini

175 3167 262 3250 pace
272 3166 307 3230 in
319 3164 487 3246 reliquum
499 3164 693 3244 desperata,
703 3183 781 3228 curn
791 3164 864 3228 suis
876 3163 1028 3246 ‘copiis'³
1046 3184 1123 3228 con·
1136 3138 1229 3226 die...

178 3283 314 3340 venere,
329 3282 446 3328 mense
463 3262 487 3326 J
491 3261 573 3340 ulio,
590 3263 627 3326 in
644 3263 735 3328 valle
753 3282 830 3344 quae
854 3262 965 3326 Rullii
987 3263 1125 3339 dicitur,
1138 3289 1195 3337 παις.

179 3384 248 3427 non
282 3361 385 3443 longe
418 3381 440 3424 a
477 3360 710 3442 Rothomago,
742 3380 846 3442 quam
883 3361 1021 3443 quidem
1048 3379 1126 3424 cum

178 3482 244 3525 sua
257 3461 445 3524 munitione
462 3467 498 3523 et
520 3449 598 3522 aliis
624 3461 780 3542 plurimis
798 3479 862 3524 rex
881 3459 1037 3525 Franciae
1055 3460 1129 3540 regi

180 3561 374 3642 Auglorum
396 3558 599 3636 abstulerat,
621 3558 707 3621 'dum
734 3559 937 3640 captivitate
966 3557 1130 3623 Aleman-

179 3661 256 3723 nica
280 3666 476 3722 teneretur:
511 3676 657 3738 cumque
681 3657 805 3722 ibidem
833 3665 977 3739 uterque
998 3658 1130 3724 exerci-

216 3861 643 3925 ¹PopeCelestinehad,asearly
669 3863 736 3912 Rad.
757 3864 790 3912 de
813 3863 915 3926 Dicetc,
943 3865 1024 3928 imag.
1052 3866 1130 3930 illst,

181 3949 209 3983 as
225 3935 267 3982 the
282 3932 326 3981 ath
338 3931 367 3981 ol
374 3931 453 3994 June,
468 3931 586 3992 enjoined
600 3931 643 3978 the
669 3933 740 3982 Hist.
752 3933 821 3994 nug.
833 3933 926 3994 Script.
937 3937 994 3983 675.

182 4004 279 4064 Bishop
299 4001 328 4050 oi
339 4001 442 4050 Verona
458 4004 484 4048 to
502 4000 563 4048 bind
580 3999 643 4048 Leo·

181 4073 242 4134 pold
253 4072 281 4120 of
289 4070 396 4119 Austris
407 4071 441 4130 by
452 4084 485 4117 nn
496 4069 556 4117 oath
566 4073 593 4117 to
604 4083 643 4117 re-

179 4144 249 4191 lease
260 4141 303 4189 the
318 4140 447 4201 hostanes,
458 4137 552 4201 which,
564 4139 585 4186 it
600 4152 645 4198 ap·
705 4131 715 4161 ³
732 4134 847 4183 Omitted
859 4135 885 4182 iu
898 4132 975 4183 MSS.
983 4133 1049 4184 Ooll.
1058 4135 1130 4184 Arm.

180 4225 264 4274 pears,
275 4209 327 4258 had
341 4213 384 4258 not
395 4223 424 4258 as
436 4211 479 4270 yet
494 4208 556 4258 been
569 4207 643 4256 done.
670 4204 721 4254 and
733 4203 800 4254 Cott.
812 4203 869 4252 Tib.

970 4292 1011 4336 rt

703 4031 715 4063 ²
731 4033 845 4082 Omitted
857 4034 883 4081 in
896 4033 952 4082 MS.
966 4033 1033 4083 Cott.
1044 4032 1103 4082 Tib.
