3130 4990
398 477 464 540 296
769 493 978 542 onnonrcon

239 661 385 752 ,flfflffissk
401 649 461 731 qui
491 667 554 731 pro
584 648 737 713 ecclesiae
770 649 923 713 subsidio
956 647 1053 712 missi
1090 647 1226 712 suerent
1258 647 1351 712 ultra

240 764 391 825 Q-
402 755 549 824 montes,
560 769 638 812 cum
652 749 802 813 redirent
818 749 862 812 ad
877 749 1007 812 curiam
1018 767 1089 810 una
1104 767 1181 811 cnm
1196 748 1350 830 praelatis

240 843 355 943 gffffl
403 848 521 911 multis
545 848 605 930 qni
630 847 674 911 ad
701 848 881 912 concilium
904 848 1137 929 properabant
1160 866 1221 929 per
1243 866 1350 910 naves

404 945 610 1010 Pisanorum
624 947 815 1029 captivavit
827 953 861 1010 et
874 947 1028 1010 retinuit.
1069 945 1206 1024 Quibus
1222 965 1349 1028 provo-

403 1053 502 1110 catus
516 1045 650 1129 injuriis
666 1045 889 1110 Innocentius
901 1065 994 1129 papa
1008 1045 1194 1127 praedictus
1204 1045 1247 1108 de
1256 1065 1350 1109 com·

241 1158 363 1248 diffie
402 1146 499 1208 muni
527 1145 671 1209 consilio
697 1146 806 1209 totius
828 1144 964 1208 concilii
989 1145 1103 1226 ipsum
1132 1144 1350 1208 Fredericum

366 1234 371 1247 '
402 1243 546 1308 terribili
565 1244 784 1308 anathemate
806 1244 1058 1321 condemnavit,
1077 1250 1113 1308 ct
1132 1243 1353 1325 exigentibus

402 1342 512 1425 culpis
530 1343 602 1406 suis
620 1344 664 1407 ab
679 1342 812 1425 imperii
828 1341 996 1423 dignitate
1016 1342 1185 1424 deposuit.
1240 1342 1352 1406 Facta

403 1447 485 1504 sunt
510 1441 584 1504 haec
605 1440 641 1504 in
665 1442 798 1505 octavis
826 1442 937 1504 sancti
957 1441 1127 1505 lobannis
1153 1441 1349 1524 Baptistae:

403 1558 570 1621 quaecum
581 1539 735 1603 audisset
748 1540 807 1603 ille
817 1539 995 1622 depositus
1004 1539 1211 1621 contempsit
1222 1541 1351 1617 omnia,

403 1645 438 1701 et
465 1639 830 1702 excommunicationis
853 1647 889 1702 et
913 1639 1138 1722 depositionis
1160 1639 1351 1702 sententias

240 1749 466 1841 mmm
491 1737 597 1801 nihilo
619 1744 793 1821 reputans,
818 1737 1048 1819 imperatoriae
1071 1738 1263 1821 majestatis
1286 1757 1350 1819 po·

384 1827 547 1900 'tentiam
570 1845 609 1901 ut
631 1837 726 1919 prius
750 1837 906 1900 exercuit
928 1846 963 1901 et
985 1836 1209 1913 continuavit,
1237 1837 1350 1901 misit-

403 1954 469 2017 que
484 1935 648 2018 epistolas
665 1955 747 2000 suas
765 1936 809 2000 ad
824 1936 1003 2002 universos
1018 1937 1111 2002 orbis
1126 1936 1296 2021 principes
1312 1935 1352 2000 in

402 2033 476 2098 haec
493 2037 655 2099 verba.-

578 2256 783 2341 Oonqncritur
795 2277 887 2342 super
902 2260 956 2324 hoc
973 2257 1171 2326 Fredera'cus.

239 2441 384 2498 nannenus
452 2424 655 2494 Fredericns
671 2429 739 2493 Dei
756 2431 871 2511 gratia
893 2440 959 2499 etc.
977 2434 1136 2499 omnibus
1158 2435 1297 2518 regibus
1314 2443 1352 2500 et

238 2495 387 2584 ihlldl‘
400 2522 610 2607 principibus
635 2547 696 2610 per
720 2530 917 2595 universam
945 2533 1241 2598 christianitatem
1267 2553 1350 2599 con·

399 2623 542 2700 stitutis,
559 2625 717 2691 salutem.
770 2628 857 2693 Illos
879 2630 995 2696 felices
1019 2633 1181 2697 describit
1197 2633 1348 2716 antiqui-

400 2727 455 2784 tas
478 2725 604 2804 quibus
621 2745 666 2788 ex
682 2727 797 2791 alieno
810 2737 998 2810 praestatur
1014 2733 1153 2796 cautela
1175 2733 1349 2815 periculo;

400 2825 514 2882 status
541 2841 688 2905 namque
715 2829 891 2912 sequentis
916 2829 1085 2894 formatur
1111 2851 1154 2896 ex
1177 2833 1348 2914 principio

399 2918 637 2998 praecedentis,
660 2929 695 2985 et
716 2931 756 2986 ut
777 2925 1035 3009 impressionem
1056 2949 1136 2994 cera
1157 2931 1279 3013 recipit
1301 2951 1347 2994 ex

400 3015 527 3096 sigillo,
542 3018 592 3082 sic
607 3025 617 3054 ‘
630 3020 749 3084 eadem
764 3025 839 3088 vice
850 3024 875 3058 '¹
891 3026 1058 3093 formatur
1074 3030 1267 3095 mortalitas
1285 3048 1347 3092 ex-

400 3116 533 3197 emplo:
558 3118 645 3182 hanc
665 3121 797 3185 utinam
817 3123 1015 3190 felicitatem
1042 3136 1162 3192 nostra
1178 3129 1346 3192 serenitas

398 3222 647 3298 praeoptasset3
676 3229 711 3285 et
741 3241 846 3304 quam
866 3227 1010 3289 cautelae
1030 3228 1203 3291 solertiam
1227 3228 1348 3293 ‘vobis

399 3315 538 3408 regibus
556 3317 687 3384 scilicet
706 3319 894 3386 Christiani
915 3324 1045 3406 reges’²
1064 3347 1109 3389 ex
1127 3334 1252 3390 nostrae
1272 3346 1346 3389 ma·

394 3411 534 3494 jestatis
568 3415 674 3480 nimia
703 3417 844 3484 laesione
879 3423 1116 3506 relinquimus,
1151 3425 1181 3489 Ο
1214 3427 1346 3490 utinam

369 3587 371 3594 y
398 3512 573 3594 priusalii,
587 3509 686 3595 reges
710 3526 745 3581 et
758 3521 930 3603 principes
946 3523 1019 3587 laesi
1034 3525 1211 3588 ‘similiter
1225 3524 1250 3559 ’³
1267 3525 1346 3588 reli·

397 3660 480 3726 noea
507 3680 548 3728 nn
574 3681 724 3745 domnum,
739 3653 778 3753 sne
802 3700 857 3736 was
882 3688 925 3738 na
942 3691 1068 3754 ernanus,
1082 3693 1142 3741 who
1158 3694 1282 3755 regarded
1293 3694 1346 3741 nm

398 3746 483 3795 forced
498 3753 525 3796 to
538 3750 661 3799 conclude
672 3767 688 3800 a
702 3754 784 3814 treaty
795 3756 857 3803 with
882 3772 911 3807 as
932 3760 975 3808 the
996 3761 1061 3822 light
1082 3762 1112 3809 of
1130 3762 1269 3824 Germuny,
1290 3777 1346 3812 was

396 3815 439 3864 the
458 3817 552 3889 sultan,
571 3818 701 3882 February
724 3826 763 3884 18,
784 3827 857 3887 lu‘re,
881 3829 984 3890 equally
994 3831 1164 3893 undeserving
1176 3832 1217 3881 the
1228 3833 1309 3880 abusa
1320 3833 1350 3880 os

396 3886 447 3934 and
453 3888 571 3938 returned
579 3887 660 3940 homa.
675 3890 722 3940 We
729 3907 788 3953 may
795 3893 855 3944 bere
880 3896 923 3947 the
934 3899 1049 3960 opposite
1060 3901 1163 3949 fection.

393 3957 857 4090 sspggrthtenztufflfflffi
914 3989 925 4113 J
939 3993 1076 4113 J¹¹¹¹¹¹j³¹¹³⁰
1088 3994 1167 4100 ’ἤθεϊ
1178 3995 1236 4044 MS·
1250 3995 1346 4109 hm:

393 4097 431 4142 ter
453 4096 482 4144 os
502 4098 553 4146 tlns
576 4114 671 4160 prrnce,
691 4103 778 4150 whose
800 4103 854 4167 life,
899 4112 904 4123 ¹
956 4088 1027 4136 l0b¹⁸
1049 4088 1073 4136 0
1093 4087 1232 4138 Chmtlaffl
1254 4104 1336 4151 ‘⁸80³’

392 4161 488 4226 though
503 4167 541 4214 sar
552 4169 651 4230 enough
662 4169 725 4219 from
736 4173 853 4235 meriting
878 4157 934 4205 MS·
949 4157 1042 4206 Lfflfld·

392 4229 433 4279 the
445 4235 586 4296 eulogiume
597 4237 696 4299 heuped
708 4255 775 4302 upon
786 4243 807 4290 it
817 4244 851 4303 by
913 4238 923 4268 ³
938 4239 1100 4305 ‘humiliter,'
1113 4244 1169 4295 MS.
1182 4244 1276 4292 Lansd.
