<?xml version="1.0" encoding="UTF-8"?>
<!DOCTYPE html PUBLIC "-//W3C//DTD XHTML 1.0 Transitional//EN"
    "http://www.w3.org/TR/xhtml1/DTD/xhtml1-transitional.dtd">
<html xmlns="http://www.w3.org/1999/xhtml" xml:lang="en" lang="en">
 <head>
  <title>
</title>
<meta http-equiv="Content-Type" content="text/html;charset=utf-8" />
  <meta name='ocr-system' content='tesseract 3.04.00' />
  <meta name='ocr-capabilities' content='ocr_page ocr_carea ocr_par ocr_line ocrx_word'/>
</head>
<body>
  <div class='ocr_page' id='page_1' title='image "./chronicondomini01hamigoog_0325.png"; bbox 0 0 3132 4988; ppageno 0'>
   <div class='ocr_carea' id='block_1_1' title="bbox 388 487 1136 554">
    <p class='ocr_par' dir='ltr' id='par_1_1' title="bbox 388 487 1136 554">
     <span class='ocr_line' id='line_1_1' title="bbox 388 487 1136 554; baseline -0.004 -1"><span class='ocrx_word' id='word_1_1' title='bbox 388 503 554 554; x_wconf 78' lang='lat' dir='ltr'><strong>WAL&#39;I&#39;ERI</strong></span> <span class='ocrx_word' id='word_1_2' title='bbox 578 505 625 550; x_wconf 90' lang='lat' dir='ltr'><em>DE</em></span> <span class='ocrx_word' id='word_1_3' title='bbox 648 503 929 551; x_wconf 86' lang='lat' dir='ltr'><strong>HEMINGBURGH.</strong></span> <span class='ocrx_word' id='word_1_4' title='bbox 1071 487 1136 550; x_wconf 79' lang='lat'><em>301</em></span> 
     </span>
    </p>
   </div>
   <div class='ocr_carea' id='block_1_2' title="bbox 187 663 1299 772">
    <p class='ocr_par' dir='ltr' id='par_1_2' title="bbox 187 663 1299 772">
     <span class='ocr_line' id='line_1_2' title="bbox 187 663 1299 772; baseline -0.003 -48"><span class='ocrx_word' id='word_1_5' title='bbox 187 663 301 725; x_wconf 77' lang='lat' dir='ltr'><em>conati</em></span> <span class='ocrx_word' id='word_1_6' title='bbox 324 672 405 727; x_wconf 90' lang='lat' dir='ltr'><em>sunt</em></span> <span class='ocrx_word' id='word_1_7' title='bbox 424 663 660 745; x_wconf 76' lang='lat' dir='ltr'><em>inpraesentia</em></span> <span class='ocrx_word' id='word_1_8' title='bbox 681 663 811 728; x_wconf 88' lang='lat' dir='ltr'><em>domini</em></span> <span class='ocrx_word' id='word_1_9' title='bbox 832 683 933 746; x_wconf 82' lang='lat' dir='ltr'><em>pepee</em></span> <span class='ocrx_word' id='word_1_10' title='bbox 945 665 1137 728; x_wconf 81' lang='lat' dir='ltr'><em>libertatem</em></span> <span class='ocrx_word' id='word_1_11' title='bbox 1150 679 1299 772; x_wconf 39' lang='lat' dir='ltr'><em>Aegre&amp;</em></span> 
     </span>
    </p>
   </div>
   <div class='ocr_carea' id='block_1_3' title="bbox 186 761 1254 827">
    <p class='ocr_par' dir='ltr' id='par_1_3' title="bbox 186 761 1254 827">
     <span class='ocr_line' id='line_1_3' title="bbox 186 761 1254 827; baseline 0.003 -3"><span class='ocrx_word' id='word_1_12' title='bbox 186 768 222 825; x_wconf 90' lang='lat' dir='ltr'><em>et</em></span> <span class='ocrx_word' id='word_1_13' title='bbox 230 762 418 825; x_wconf 91' lang='lat' dir='ltr'><em>dominium</em></span> <span class='ocrx_word' id='word_1_14' title='bbox 430 767 440 796; x_wconf 92' lang='lat'>‘</span> <span class='ocrx_word' id='word_1_15' title='bbox 454 761 721 826; x_wconf 74' lang='lat' dir='ltr'><em>cisterciensis&#39;¹</em></span> <span class='ocrx_word' id='word_1_16' title='bbox 737 764 865 826; x_wconf 88' lang='lat' dir='ltr'><em>ordinis</em></span> <span class='ocrx_word' id='word_1_17' title='bbox 876 764 942 827; x_wconf 91' lang='lat' dir='ltr'><em>sibi</em></span> <span class='ocrx_word' id='word_1_18' title='bbox 951 764 1133 827; x_wconf 82' lang='lat' dir='ltr'><em>vendicare</em></span> <span class='ocrx_word' id='word_1_19' title='bbox 1198 782 1254 820; x_wconf 77' lang='lat'><strong>12⁸⁵·</strong></span> 
     </span>
    </p>
   </div>
   <div class='ocr_carea' id='block_1_4' title="bbox 1153 832 1299 845">
    <p class='ocr_par' dir='ltr' id='par_1_4' title="bbox 1153 832 1299 845">
     <span class='ocr_line' id='line_1_4' title="bbox 1153 832 1299 845; baseline -0.021 0"><span class='ocrx_word' id='word_1_20' title='bbox 1153 832 1299 845; x_wconf 59' lang='grc' dir='ltr'>*ιι-.-</span> 
     </span>
    </p>
   </div>
   <div class='ocr_carea' id='block_1_5' title="bbox 187 861 1087 945">
    <p class='ocr_par' dir='ltr' id='par_1_5' title="bbox 187 861 1087 945">
     <span class='ocr_line' id='line_1_5' title="bbox 187 861 1087 945; baseline 0.003 -22"><span class='ocrx_word' id='word_1_21' title='bbox 187 868 222 924; x_wconf 90' lang='lat' dir='ltr'><em>et</em></span> <span class='ocrx_word' id='word_1_22' title='bbox 238 861 416 945; x_wconf 82' lang='lat' dir='ltr'><em>subjicere,</em></span> <span class='ocrx_word' id='word_1_23' title='bbox 433 862 492 924; x_wconf 88' lang='lat' dir='ltr'><em>sed</em></span> <span class='ocrx_word' id='word_1_24' title='bbox 508 862 663 925; x_wconf 84' lang='lat' dir='ltr'><em>exauditi</em></span> <span class='ocrx_word' id='word_1_25' title='bbox 676 881 744 925; x_wconf 88' lang='lat' dir='ltr'><em>non</em></span> <span class='ocrx_word' id='word_1_26' title='bbox 760 863 900 926; x_wconf 85' lang='lat' dir='ltr'><em>suntad</em></span> <span class='ocrx_word' id='word_1_27' title='bbox 918 863 1087 927; x_wconf 83' lang='lat' dir='ltr'><em>effectum.</em></span> 
     </span>
    </p>
   </div>
   <div class='ocr_carea' id='block_1_6' title="bbox 312 1024 1016 1110">
    <p class='ocr_par' dir='ltr' id='par_1_6' title="bbox 312 1024 1016 1110">
     <span class='ocr_line' id='line_1_6' title="bbox 312 1024 1016 1110; baseline 0 -20"><span class='ocrx_word' id='word_1_28' title='bbox 312 1026 479 1090; x_wconf 80' lang='lat' dir='ltr'><em>Wallerrsee</em></span> <span class='ocrx_word' id='word_1_29' title='bbox 493 1024 639 1089; x_wconf 72' lang='lat' dir='ltr'><em>rebellare</em></span> <span class='ocrx_word' id='word_1_30' title='bbox 654 1035 807 1110; x_wconf 77' lang='lat' dir='ltr'><em>coeperunt</em></span> <span class='ocrx_word' id='word_1_31' title='bbox 824 1025 1016 1090; x_wconf 77' lang='lat' dir='ltr'><em>‘reeredo.&#39;²</em></span> 
     </span>
    </p>
   </div>
   <div class='ocr_carea' id='block_1_7' title="bbox 192 1157 1298 3816">
    <p class='ocr_par' dir='ltr' id='par_1_7' title="bbox 192 1157 1298 3816">
     <span class='ocr_line' id='line_1_7' title="bbox 243 1157 1295 1224; baseline -0.007 -1"><span class='ocrx_word' id='word_1_32' title='bbox 243 1158 346 1224; x_wconf 88' lang='lat' dir='ltr'><em>Anno</em></span> <span class='ocrx_word' id='word_1_33' title='bbox 378 1157 518 1222; x_wconf 88' lang='lat' dir='ltr'>Domini</span> <span class='ocrx_word' id='word_1_34' title='bbox 545 1174 715 1222; x_wconf 73' lang='lat' dir='ltr'><em>uccxnv.</em></span> <span class='ocrx_word' id='word_1_35' title='bbox 743 1158 939 1222; x_wconf 82' lang='lat' dir='ltr'><em>Wallenses</em></span> <span class='ocrx_word' id='word_1_36' title='bbox 976 1159 1142 1223; x_wconf 79' lang='lat' dir='ltr'><em>effraenati</em></span> <span class='ocrx_word' id='word_1_37' title='bbox 1167 1180 1295 1220; x_wconf 53' lang='lat' dir='ltr'><em>enare.</em></span> 
     </span>
     <span class='ocr_line' id='line_1_8' title="bbox 192 1246 1281 1339; baseline -0.001 -17"><span class='ocrx_word' id='word_1_38' title='bbox 192 1260 317 1324; x_wconf 90' lang='lat' dir='ltr'><em>iterum</em></span> <span class='ocrx_word' id='word_1_39' title='bbox 342 1259 606 1320; x_wconf 85' lang='lat' dir='ltr'><em>insurrexerunt</em></span> <span class='ocrx_word' id='word_1_40' title='bbox 628 1257 663 1319; x_wconf 88' lang='lat' dir='ltr'><em>iu</em></span> <span class='ocrx_word' id='word_1_41' title='bbox 687 1277 804 1338; x_wconf 86' lang='lat' dir='ltr'><em>regem</em></span> <span class='ocrx_word' id='word_1_42' title='bbox 827 1259 891 1320; x_wconf 90' lang='lat' dir='ltr'><em>sub</em></span> <span class='ocrx_word' id='word_1_43' title='bbox 916 1259 1027 1339; x_wconf 86' lang='lat' dir='ltr'><em>capite</em></span> <span class='ocrx_word' id='word_1_44' title='bbox 1052 1278 1142 1322; x_wconf 88' lang='lat' dir='ltr'><em>novo</em></span> <span class='ocrx_word' id='word_1_45' title='bbox 1155 1246 1281 1338; x_wconf 49' lang='lat' dir='ltr'><em>,ww</em></span> 
     </span>
     <span class='ocr_line' id='line_1_9' title="bbox 192 1349 1194 1440; baseline -0.001 -20"><span class='ocrx_word' id='word_1_46' title='bbox 192 1358 346 1440; x_wconf 83' lang='lat' dir='ltr'>principe</span> <span class='ocrx_word' id='word_1_47' title='bbox 362 1355 499 1434; x_wconf 83' lang='lat' dir='ltr'><em>David3</em></span> <span class='ocrx_word' id='word_1_48' title='bbox 527 1357 586 1437; x_wconf 92' lang='lat' dir='ltr'><em>qui</em></span> <span class='ocrx_word' id='word_1_49' title='bbox 605 1375 683 1419; x_wconf 89' lang='lat' dir='ltr'><em>eum</em></span> <span class='ocrx_word' id='word_1_50' title='bbox 700 1357 809 1420; x_wconf 81' lang='lat' dir='ltr'><em>multa</em></span> <span class='ocrx_word' id='word_1_51' title='bbox 820 1356 981 1420; x_wconf 83' lang='lat' dir='ltr'><em>fecissent</em></span> <span class='ocrx_word' id='word_1_52' title='bbox 997 1356 1143 1420; x_wconf 80' lang='lat' dir='ltr'><em>‘mala&#39;³</em></span> <span class='ocrx_word' id='word_1_53' title='bbox 1192 1349 1194 1353; x_wconf 64' lang='grc'>’</span> 
     </span>
     <span class='ocr_line' id='line_1_10' title="bbox 196 1453 1143 1538; baseline -0.002 -18"><span class='ocrx_word' id='word_1_54' title='bbox 196 1465 232 1520; x_wconf 88' lang='lat' dir='ltr'><em>et</em></span> <span class='ocrx_word' id='word_1_55' title='bbox 249 1458 331 1538; x_wconf 83' lang='lat' dir='ltr'><em>igne</em></span> <span class='ocrx_word' id='word_1_56' title='bbox 356 1462 391 1520; x_wconf 90' lang='lat' dir='ltr'><em>et</em></span> <span class='ocrx_word' id='word_1_57' title='bbox 414 1455 529 1536; x_wconf 83' lang='lat' dir='ltr'><em>gladio</em></span> <span class='ocrx_word' id='word_1_58' title='bbox 545 1453 655 1518; x_wconf 84' lang='lat' dir='ltr'><em>multa</em></span> <span class='ocrx_word' id='word_1_59' title='bbox 670 1454 887 1532; x_wconf 84' lang='lat' dir='ltr'><em>delevissent,</em></span> <span class='ocrx_word' id='word_1_60' title='bbox 907 1456 1062 1518; x_wconf 87' lang='lat' dir='ltr'><em>ascendit</em></span> <span class='ocrx_word' id='word_1_61' title='bbox 1078 1456 1143 1518; x_wconf 91' lang='lat' dir='ltr'><em>ibi-</em></span> 
     </span>
     <span class='ocr_line' id='line_1_11' title="bbox 196 1553 1298 1635; baseline -0.004 -17"><span class='ocrx_word' id='word_1_62' title='bbox 196 1556 274 1619; x_wconf 90' lang='lat' dir='ltr'><em>dem</em></span> <span class='ocrx_word' id='word_1_63' title='bbox 298 1573 361 1616; x_wconf 88' lang='lat' dir='ltr'><em>rex</em></span> <span class='ocrx_word' id='word_1_64' title='bbox 377 1573 454 1616; x_wconf 89' lang='lat' dir='ltr'><em>cum</em></span> <span class='ocrx_word' id='word_1_65' title='bbox 474 1553 629 1616; x_wconf 83' lang='lat' dir='ltr'><em>exercitu</em></span> <span class='ocrx_word' id='word_1_66' title='bbox 649 1553 801 1635; x_wconf 88' lang='lat' dir='ltr'><em>copioso,</em></span> <span class='ocrx_word' id='word_1_67' title='bbox 823 1555 967 1617; x_wconf 88' lang='lat' dir='ltr'><em>credens</em></span> <span class='ocrx_word' id='word_1_68' title='bbox 990 1554 1026 1616; x_wconf 93' lang='lat' dir='ltr'><em>in</em></span> <span class='ocrx_word' id='word_1_69' title='bbox 1047 1554 1144 1619; x_wconf 89' lang='lat' dir='ltr'><em>brevi</em></span> <span class='ocrx_word' id='word_1_70' title='bbox 1157 1576 1298 1626; x_wconf 62' lang='lat' dir='ltr'><em>regnem</em></span> 
     </span>
     <span class='ocr_line' id='line_1_12' title="bbox 197 1627 1253 1734; baseline -0.004 -15"><span class='ocrx_word' id='word_1_71' title='bbox 197 1661 303 1719; x_wconf 84' lang='lat' dir='ltr'><em>totam</em></span> <span class='ocrx_word' id='word_1_72' title='bbox 328 1653 393 1716; x_wconf 89' lang='lat' dir='ltr'><em>sibi</em></span> <span class='ocrx_word' id='word_1_73' title='bbox 410 1651 575 1716; x_wconf 83' lang='lat' dir='ltr'><em>Walliam</em></span> <span class='ocrx_word' id='word_1_74' title='bbox 602 1651 802 1734; x_wconf 83' lang='lat' dir='ltr'><em>subjugere,</em></span> <span class='ocrx_word' id='word_1_75' title='bbox 827 1659 861 1716; x_wconf 89' lang='lat' dir='ltr'><em>et</em></span> <span class='ocrx_word' id='word_1_76' title='bbox 887 1653 923 1716; x_wconf 92' lang='lat' dir='ltr'><em>in</em></span> <span class='ocrx_word' id='word_1_77' title='bbox 949 1659 1085 1717; x_wconf 84' lang='lat' dir='ltr'><em>tentum</em></span> <span class='ocrx_word' id='word_1_78' title='bbox 1109 1655 1145 1716; x_wconf 93' lang='lat' dir='ltr'><em>in</em></span> <span class='ocrx_word' id='word_1_79' title='bbox 1157 1627 1253 1727; x_wconf 61' lang='lat' dir='ltr'><em>SM?</em></span> 
     </span>
     <span class='ocr_line' id='line_1_13' title="bbox 197 1730 1224 1832; baseline 0 -16"><span class='ocrx_word' id='word_1_80' title='bbox 197 1756 283 1817; x_wconf 83' lang='lat' dir='ltr'><em>iram</em></span> <span class='ocrx_word' id='word_1_81' title='bbox 297 1759 411 1816; x_wconf 87' lang='lat' dir='ltr'><em>motus</em></span> <span class='ocrx_word' id='word_1_82' title='bbox 426 1757 479 1814; x_wconf 88' lang='lat' dir='ltr'><em>est</em></span> <span class='ocrx_word' id='word_1_83' title='bbox 494 1750 599 1832; x_wconf 90' lang='lat' dir='ltr'><em>quod,</em></span> <span class='ocrx_word' id='word_1_84' title='bbox 615 1751 715 1831; x_wconf 83' lang='lat' dir='ltr'><em>signo</em></span> <span class='ocrx_word' id='word_1_85' title='bbox 731 1751 889 1816; x_wconf 82' lang='lat' dir='ltr'><em>draconis</em></span> <span class='ocrx_word' id='word_1_86' title='bbox 900 1753 1046 1830; x_wconf 85' lang='lat' dir='ltr'><em>elevato,</em></span> <span class='ocrx_word' id='word_1_87' title='bbox 1063 1772 1145 1817; x_wconf 88' lang='lat' dir='ltr'><em>suos</em></span> <span class='ocrx_word' id='word_1_88' title='bbox 1157 1730 1224 1774; x_wconf 56' lang='grc' dir='ltr'><em>Μ’</em></span> 
     </span>
     <span class='ocr_line' id='line_1_14' title="bbox 200 1849 1224 1936; baseline -0.001 -22"><span class='ocrx_word' id='word_1_89' title='bbox 200 1851 383 1936; x_wconf 87' lang='lat' dir='ltr'><em>procedere</em></span> <span class='ocrx_word' id='word_1_90' title='bbox 402 1850 507 1933; x_wconf 88' lang='lat' dir='ltr'><em>jussit</em></span> <span class='ocrx_word' id='word_1_91' title='bbox 531 1849 567 1914; x_wconf 93' lang='lat' dir='ltr'><em>in</em></span> <span class='ocrx_word' id='word_1_92' title='bbox 591 1858 736 1913; x_wconf 89' lang='lat' dir='ltr'><em>mortem</em></span> <span class='ocrx_word' id='word_1_93' title='bbox 752 1871 881 1914; x_wconf 88' lang='lat' dir='ltr'><em>eorum.</em></span> <span class='ocrx_word' id='word_1_94' title='bbox 934 1850 1009 1933; x_wconf 92' lang='lat' dir='ltr'><em>Ipsi</em></span> <span class='ocrx_word' id='word_1_95' title='bbox 1029 1859 1224 1916; x_wconf 69' lang='lat' dir='ltr'><em>antemium</em></span> 
     </span>
     <span class='ocr_line' id='line_1_15' title="bbox 200 1924 1272 2032; baseline 0.004 -18"><span class='ocrx_word' id='word_1_96' title='bbox 200 1954 235 2014; x_wconf 90' lang='lat' dir='ltr'><em>in</em></span> <span class='ocrx_word' id='word_1_97' title='bbox 257 1957 352 2014; x_wconf 82' lang='lat' dir='ltr'><em>arete</em></span> <span class='ocrx_word' id='word_1_98' title='bbox 374 1948 480 2032; x_wconf 88' lang='lat' dir='ltr'><em>positi</em></span> <span class='ocrx_word' id='word_1_99' title='bbox 502 1956 746 2030; x_wconf 79' lang='lat' dir='ltr'><em>pugnaverunt</em></span> <span class='ocrx_word' id='word_1_100' title='bbox 768 1950 912 2015; x_wconf 85' lang='lat' dir='ltr'><em>viriliter</em></span> <span class='ocrx_word' id='word_1_101' title='bbox 937 1970 1000 2031; x_wconf 89' lang='lat' dir='ltr'><em>pro</em></span> <span class='ocrx_word' id='word_1_102' title='bbox 1022 1924 1272 2032; x_wconf 68' lang='lat' dir='ltr'><em>patria,lll1¹ill.‘⁰</em></span> 
     </span>
     <span class='ocr_line' id='line_1_16' title="bbox 201 2048 1147 2130; baseline -0.001 -16"><span class='ocrx_word' id='word_1_103' title='bbox 201 2060 236 2115; x_wconf 92' lang='lat' dir='ltr'><em>et</em></span> <span class='ocrx_word' id='word_1_104' title='bbox 251 2071 320 2114; x_wconf 91' lang='lat' dir='ltr'><em>non</em></span> <span class='ocrx_word' id='word_1_105' title='bbox 336 2056 470 2113; x_wconf 83' lang='lat' dir='ltr'><em>tantum</em></span> <span class='ocrx_word' id='word_1_106' title='bbox 481 2068 502 2111; x_wconf 83' lang='lat' dir='ltr'>a</span> <span class='ocrx_word' id='word_1_107' title='bbox 513 2048 691 2130; x_wconf 83' lang='lat' dir='ltr'><em>proposito</em></span> <span class='ocrx_word' id='word_1_108' title='bbox 706 2068 822 2130; x_wconf 85' lang='lat' dir='ltr'><em>regem</em></span> <span class='ocrx_word' id='word_1_109' title='bbox 833 2050 964 2114; x_wconf 88' lang='lat' dir='ltr'><em>resilire</em></span> <span class='ocrx_word' id='word_1_110' title='bbox 980 2051 1147 2125; x_wconf 86' lang='lat' dir='ltr'><em>fecerunt,</em></span> 
     </span>
     <span class='ocr_line' id='line_1_17' title="bbox 201 2149 1149 2230; baseline -0.003 -17"><span class='ocrx_word' id='word_1_111' title='bbox 201 2151 271 2213; x_wconf 88' lang='lat' dir='ltr'><em>imo</em></span> <span class='ocrx_word' id='word_1_112' title='bbox 289 2149 393 2213; x_wconf 84' lang='lat' dir='ltr'><em>etiam</em></span> <span class='ocrx_word' id='word_1_113' title='bbox 413 2154 598 2229; x_wconf 83' lang='lat' dir='ltr'><em>coegerunt</em></span> <span class='ocrx_word' id='word_1_114' title='bbox 615 2167 693 2210; x_wconf 89' lang='lat' dir='ltr'><em>eum</em></span> <span class='ocrx_word' id='word_1_115' title='bbox 709 2149 804 2211; x_wconf 82' lang='lat' dir='ltr'><em>abire</em></span> <span class='ocrx_word' id='word_1_116' title='bbox 819 2156 1026 2212; x_wconf 83' lang='lat' dir='ltr'><em>retrorsum:</em></span> <span class='ocrx_word' id='word_1_117' title='bbox 1051 2169 1149 2230; x_wconf 80' lang='lat' dir='ltr'><em>mag-</em></span> 
     </span>
     <span class='ocr_line' id='line_1_18' title="bbox 203 2244 1150 2312; baseline -0.001 -1"><span class='ocrx_word' id='word_1_118' title='bbox 203 2269 283 2311; x_wconf 86' lang='lat' dir='ltr'><em>nam</em></span> <span class='ocrx_word' id='word_1_119' title='bbox 309 2256 425 2311; x_wconf 85' lang='lat' dir='ltr'><em>tamen</em></span> <span class='ocrx_word' id='word_1_120' title='bbox 448 2244 709 2310; x_wconf 78' lang='lat' dir='ltr'><em>‘occisionem&#39;4</em></span> <span class='ocrx_word' id='word_1_121' title='bbox 733 2247 815 2311; x_wconf 91' lang='lat' dir='ltr'><em>fecit</em></span> <span class='ocrx_word' id='word_1_122' title='bbox 846 2268 908 2311; x_wconf 89' lang='lat' dir='ltr'><em>rex</em></span> <span class='ocrx_word' id='word_1_123' title='bbox 936 2248 996 2311; x_wconf 88' lang='lat' dir='ltr'><em>sed</em></span> <span class='ocrx_word' id='word_1_124' title='bbox 1024 2249 1150 2312; x_wconf 91' lang='lat' dir='ltr'><em>nonin</em></span> 
     </span>
     <span class='ocr_line' id='line_1_19' title="bbox 204 2346 1151 2429; baseline 0 -19"><span class='ocrx_word' id='word_1_125' title='bbox 204 2348 294 2410; x_wconf 89' lang='lat' dir='ltr'><em>bello</em></span> <span class='ocrx_word' id='word_1_126' title='bbox 309 2346 459 2428; x_wconf 88' lang='lat' dir='ltr'><em>publico,</em></span> <span class='ocrx_word' id='word_1_127' title='bbox 478 2365 547 2408; x_wconf 89' lang='lat' dir='ltr'><em>non</em></span> <span class='ocrx_word' id='word_1_128' title='bbox 571 2346 660 2408; x_wconf 91' lang='lat' dir='ltr'><em>enim</em></span> <span class='ocrx_word' id='word_1_129' title='bbox 679 2347 755 2408; x_wconf 84' lang='lat' dir='ltr'><em>ausi</em></span> <span class='ocrx_word' id='word_1_130' title='bbox 779 2358 860 2410; x_wconf 87' lang='lat' dir='ltr'><em>sunt</em></span> <span class='ocrx_word' id='word_1_131' title='bbox 884 2346 1000 2429; x_wconf 83' lang='lat' dir='ltr'><em>palem</em></span> <span class='ocrx_word' id='word_1_132' title='bbox 1015 2367 1094 2411; x_wconf 92' lang='lat' dir='ltr'><em>cum</em></span> <span class='ocrx_word' id='word_1_133' title='bbox 1110 2366 1151 2410; x_wconf 88' lang='lat' dir='ltr'><em>eo</em></span> 
     </span>
     <span class='ocr_line' id='line_1_20' title="bbox 204 2444 1152 2528; baseline -0.001 -19"><span class='ocrx_word' id='word_1_134' title='bbox 204 2446 379 2527; x_wconf 78' lang='lat' dir='ltr'><em>congredi,</em></span> <span class='ocrx_word' id='word_1_135' title='bbox 396 2445 455 2509; x_wconf 89' lang='lat' dir='ltr'><em>sed</em></span> <span class='ocrx_word' id='word_1_136' title='bbox 479 2465 541 2527; x_wconf 87' lang='lat' dir='ltr'><em>per</em></span> <span class='ocrx_word' id='word_1_137' title='bbox 556 2444 687 2507; x_wconf 83' lang='lat' dir='ltr'><em>viarum</em></span> <span class='ocrx_word' id='word_1_138' title='bbox 710 2446 906 2510; x_wconf 81' lang='lat' dir='ltr'><em>discrimina</em></span> <span class='ocrx_word' id='word_1_139' title='bbox 923 2447 994 2510; x_wconf 89' lang='lat' dir='ltr'><em>suis</em></span> <span class='ocrx_word' id='word_1_140' title='bbox 1017 2465 1152 2528; x_wconf 88' lang='lat' dir='ltr'><em>semper</em></span> 
     </span>
     <span class='ocr_line' id='line_1_21' title="bbox 204 2535 1151 2627; baseline 0 -19"><span class='ocrx_word' id='word_1_141' title='bbox 204 2540 455 2610; x_wconf 79' lang='lat' dir='ltr'><em>‘obviabant.’⁵</em></span> <span class='ocrx_word' id='word_1_142' title='bbox 505 2543 658 2608; x_wconf 90' lang='lat' dir='ltr'><em>Delusus</em></span> <span class='ocrx_word' id='word_1_143' title='bbox 674 2563 757 2625; x_wconf 82' lang='lat' dir='ltr'><em>ergo</em></span> <span class='ocrx_word' id='word_1_144' title='bbox 787 2565 809 2609; x_wconf 84' lang='lat' dir='ltr'>a</span> <span class='ocrx_word' id='word_1_145' title='bbox 832 2547 1008 2627; x_wconf 86' lang='lat' dir='ltr'><em>proposito</em></span> <span class='ocrx_word' id='word_1_146' title='bbox 1035 2551 1045 2582; x_wconf 86' lang='lat'>‘</span> <span class='ocrx_word' id='word_1_147' title='bbox 1058 2535 1151 2608; x_wconf 83' lang='lat' dir='ltr'><em>rex&#39;⁶</em></span> 
     </span>
     <span class='ocr_line' id='line_1_22' title="bbox 206 2643 1152 2726; baseline -0.004 -17"><span class='ocrx_word' id='word_1_148' title='bbox 206 2665 247 2709; x_wconf 86' lang='lat' dir='ltr'><em>eo</em></span> <span class='ocrx_word' id='word_1_149' title='bbox 263 2644 355 2726; x_wconf 90' lang='lat' dir='ltr'><em>quod</em></span> <span class='ocrx_word' id='word_1_150' title='bbox 372 2649 536 2708; x_wconf 84' lang='lat' dir='ltr'><em>montana</em></span> <span class='ocrx_word' id='word_1_151' title='bbox 558 2643 742 2707; x_wconf 85' lang='lat' dir='ltr'><em>ascendere</em></span> <span class='ocrx_word' id='word_1_152' title='bbox 757 2664 826 2708; x_wconf 91' lang='lat' dir='ltr'><em>non</em></span> <span class='ocrx_word' id='word_1_153' title='bbox 844 2645 969 2726; x_wconf 88' lang='lat' dir='ltr'><em>potuit,</em></span> <span class='ocrx_word' id='word_1_154' title='bbox 984 2645 1103 2708; x_wconf 85' lang='lat' dir='ltr'><em>stetim</em></span> <span class='ocrx_word' id='word_1_155' title='bbox 1116 2644 1152 2705; x_wconf 88' lang='lat' dir='ltr'><em>in</em></span> 
     </span>
     <span class='ocr_line' id='line_1_23' title="bbox 207 2740 1153 2823; baseline -0.002 -16"><span class='ocrx_word' id='word_1_156' title='bbox 207 2743 385 2807; x_wconf 83' lang='lat' dir='ltr'><em>‘convalle</em></span> <span class='ocrx_word' id='word_1_157' title='bbox 395 2740 421 2781; x_wconf 83' lang='lat'><em>&#39;⁷</em></span> <span class='ocrx_word' id='word_1_158' title='bbox 443 2742 486 2806; x_wconf 85' lang='lat' dir='ltr'><em>ed</em></span> <span class='ocrx_word' id='word_1_159' title='bbox 505 2742 625 2823; x_wconf 89' lang='lat' dir='ltr'><em>pedem</em></span> <span class='ocrx_word' id='word_1_160' title='bbox 641 2743 683 2805; x_wconf 93' lang='lat' dir='ltr'><em>de</em></span> <span class='ocrx_word' id='word_1_161' title='bbox 697 2742 888 2807; x_wconf 84' lang='lat' dir='ltr'><em>Snawedon</em></span> <span class='ocrx_word' id='word_1_162' title='bbox 906 2751 1057 2808; x_wconf 83' lang='lat' dir='ltr'><em>cestrum</em></span> <span class='ocrx_word' id='word_1_163' title='bbox 1072 2762 1153 2806; x_wconf 91' lang='lat' dir='ltr'><em>con·</em></span> 
     </span>
     <span class='ocr_line' id='line_1_24' title="bbox 206 2829 1154 2922; baseline 0.002 -20"><span class='ocrx_word' id='word_1_164' title='bbox 206 2829 337 2907; x_wconf 63' lang='lat' dir='ltr'><em>,struxit</em></span> <span class='ocrx_word' id='word_1_165' title='bbox 350 2841 585 2918; x_wconf 82' lang='lat' dir='ltr'><em>fortissimum,</em></span> <span class='ocrx_word' id='word_1_166' title='bbox 600 2861 732 2922; x_wconf 89' lang='lat' dir='ltr'><em>ponens</em></span> <span class='ocrx_word' id='word_1_167' title='bbox 747 2841 839 2905; x_wconf 92' lang='lat' dir='ltr'><em>ineo</em></span> <span class='ocrx_word' id='word_1_168' title='bbox 854 2842 979 2906; x_wconf 88' lang='lat' dir='ltr'><em>milites</em></span> <span class='ocrx_word' id='word_1_169' title='bbox 996 2850 1154 2906; x_wconf 86' lang='lat' dir='ltr'><em>strenuos</em></span> 
     </span>
     <span class='ocr_line' id='line_1_25' title="bbox 209 2939 1155 3024; baseline -0.001 -18"><span class='ocrx_word' id='word_1_170' title='bbox 209 2950 244 3006; x_wconf 90' lang='lat' dir='ltr'><em>et</em></span> <span class='ocrx_word' id='word_1_171' title='bbox 258 2943 351 3006; x_wconf 88' lang='lat' dir='ltr'><em>viros</em></span> <span class='ocrx_word' id='word_1_172' title='bbox 366 2959 538 3004; x_wconf 79' lang='lat' dir='ltr'><em>armorum</em></span> <span class='ocrx_word' id='word_1_173' title='bbox 556 2939 697 3015; x_wconf 85' lang='lat' dir='ltr'><em>electos,</em></span> <span class='ocrx_word' id='word_1_174' title='bbox 715 2942 787 3022; x_wconf 92' lang='lat' dir='ltr'><em>qui,</em></span> <span class='ocrx_word' id='word_1_175' title='bbox 801 2961 841 3004; x_wconf 92' lang='lat' dir='ltr'><em>eo</em></span> <span class='ocrx_word' id='word_1_176' title='bbox 856 2942 1034 3006; x_wconf 83' lang='lat' dir='ltr'><em>recedente</em></span> <span class='ocrx_word' id='word_1_177' title='bbox 1052 2961 1155 3024; x_wconf 91' lang='lat' dir='ltr'><em>prop·</em></span> 
     </span>
     <span class='ocr_line' id='line_1_26' title="bbox 211 3039 1154 3123; baseline -0.003 -18"><span class='ocrx_word' id='word_1_178' title='bbox 211 3049 263 3105; x_wconf 88' lang='lat' dir='ltr'><em>ter</em></span> <span class='ocrx_word' id='word_1_179' title='bbox 292 3041 460 3123; x_wconf 87' lang='lat' dir='ltr'><em>hyemem,</em></span> <span class='ocrx_word' id='word_1_180' title='bbox 487 3039 634 3121; x_wconf 83' lang='lat' dir='ltr'><em>patriam</em></span> <span class='ocrx_word' id='word_1_181' title='bbox 659 3047 839 3104; x_wconf 82' lang='lat' dir='ltr'><em>tuerentur</em></span> <span class='ocrx_word' id='word_1_182' title='bbox 862 3048 898 3105; x_wconf 90' lang='lat' dir='ltr'><em>et</em></span> <span class='ocrx_word' id='word_1_183' title='bbox 923 3041 1154 3104; x_wconf 86' lang='lat' dir='ltr'><em>defenderent.</em></span> 
     </span>
     <span class='ocr_line' id='line_1_27' title="bbox 212 3137 1156 3222; baseline -0.003 -19"><span class='ocrx_word' id='word_1_184' title='bbox 212 3139 348 3218; x_wconf 84' lang='lat' dir='ltr'><em>Quibus</em></span> <span class='ocrx_word' id='word_1_185' title='bbox 368 3139 526 3222; x_wconf 64' lang='lat' dir='ltr'><em>peractis</em></span> <span class='ocrx_word' id='word_1_186' title='bbox 543 3137 679 3220; x_wconf 87' lang='lat' dir='ltr'><em>jussum</em></span> <span class='ocrx_word' id='word_1_187' title='bbox 698 3146 751 3203; x_wconf 90' lang='lat' dir='ltr'><em>est</em></span> <span class='ocrx_word' id='word_1_188' title='bbox 767 3159 811 3202; x_wconf 87' lang='lat' dir='ltr'><em>ex</em></span> <span class='ocrx_word' id='word_1_189' title='bbox 830 3159 889 3204; x_wconf 91' lang='lat' dir='ltr'><em>ore</em></span> <span class='ocrx_word' id='word_1_190' title='bbox 908 3140 1000 3220; x_wconf 86' lang='lat' dir='ltr'><em>regis</em></span> <span class='ocrx_word' id='word_1_191' title='bbox 1027 3139 1156 3203; x_wconf 86' lang='lat' dir='ltr'><em>exerci-</em></span> 
     </span>
     <span class='ocr_line' id='line_1_28' title="bbox 212 3237 1157 3320; baseline -0.006 -15"><span class='ocrx_word' id='word_1_192' title='bbox 212 3245 286 3305; x_wconf 86' lang='lat' dir='ltr'><em>tum</em></span> <span class='ocrx_word' id='word_1_193' title='bbox 316 3239 426 3303; x_wconf 90' lang='lat' dir='ltr'><em>redire</em></span> <span class='ocrx_word' id='word_1_194' title='bbox 456 3237 499 3300; x_wconf 84' lang='lat' dir='ltr'><em>ed</em></span> <span class='ocrx_word' id='word_1_195' title='bbox 530 3237 693 3318; x_wconf 83' lang='lat' dir='ltr'><em>propria3</em></span> <span class='ocrx_word' id='word_1_196' title='bbox 725 3237 785 3300; x_wconf 90' lang='lat' dir='ltr'><em>sed</em></span> <span class='ocrx_word' id='word_1_197' title='bbox 817 3245 851 3302; x_wconf 90' lang='lat' dir='ltr'><em>et</em></span> <span class='ocrx_word' id='word_1_198' title='bbox 881 3239 955 3320; x_wconf 89' lang='lat' dir='ltr'><em>ipse</em></span> <span class='ocrx_word' id='word_1_199' title='bbox 989 3257 1051 3300; x_wconf 87' lang='lat' dir='ltr'><em>rex</em></span> <span class='ocrx_word' id='word_1_200' title='bbox 1078 3256 1157 3300; x_wconf 92' lang='lat' dir='ltr'><em>cum</em></span> 
     </span>
     <span class='ocr_line' id='line_1_29' title="bbox 211 3335 1158 3419; baseline -0.003 -18"><span class='ocrx_word' id='word_1_201' title='bbox 211 3339 331 3419; x_wconf 80' lang='lat' dir='ltr'><em>regina</em></span> <span class='ocrx_word' id='word_1_202' title='bbox 352 3356 510 3400; x_wconf 86' lang='lat' dir='ltr'><em>reversus</em></span> <span class='ocrx_word' id='word_1_203' title='bbox 533 3342 598 3412; x_wconf 90' lang='lat' dir='ltr'><em>est,</em></span> <span class='ocrx_word' id='word_1_204' title='bbox 615 3344 655 3399; x_wconf 91' lang='lat' dir='ltr'><em>ut</em></span> <span class='ocrx_word' id='word_1_205' title='bbox 679 3335 765 3399; x_wconf 84' lang='lat' dir='ltr'><em>alias</em></span> <span class='ocrx_word' id='word_1_206' title='bbox 787 3336 979 3402; x_wconf 89' lang='lat' dir='ltr'><em>revertendi</em></span> <span class='ocrx_word' id='word_1_207' title='bbox 1002 3336 1045 3399; x_wconf 84' lang='lat' dir='ltr'><em>ad</em></span> <span class='ocrx_word' id='word_1_208' title='bbox 1069 3354 1158 3417; x_wconf 87' lang='lat' dir='ltr'><em>proe-</em></span> 
     </span>
     <span class='ocr_line' id='line_1_30' title="bbox 211 3437 1157 3518; baseline -0.005 -17"><span class='ocrx_word' id='word_1_209' title='bbox 211 3438 296 3501; x_wconf 91' lang='lat' dir='ltr'><em>lium</em></span> <span class='ocrx_word' id='word_1_210' title='bbox 329 3443 465 3518; x_wconf 89' lang='lat' dir='ltr'><em>tempus</em></span> <span class='ocrx_word' id='word_1_211' title='bbox 489 3442 689 3518; x_wconf 85' lang='lat' dir='ltr'><em>expectaret</em></span> <span class='ocrx_word' id='word_1_212' title='bbox 720 3437 900 3500; x_wconf 89' lang='lat' dir='ltr'><em>idoneum:</em></span> <span class='ocrx_word' id='word_1_213' title='bbox 937 3455 1005 3498; x_wconf 91' lang='lat' dir='ltr'><em>non</em></span> <span class='ocrx_word' id='word_1_214' title='bbox 1042 3443 1157 3498; x_wconf 85' lang='lat' dir='ltr'><em>tamen</em></span> 
     </span>
     <span class='ocr_line' id='line_1_31' title="bbox 212 3533 1160 3616; baseline -0.006 -15"><span class='ocrx_word' id='word_1_215' title='bbox 212 3555 372 3602; x_wconf 87' lang='lat' dir='ltr'><em>reversus</em></span> <span class='ocrx_word' id='word_1_216' title='bbox 393 3542 446 3599; x_wconf 88' lang='lat' dir='ltr'><em>est</em></span> <span class='ocrx_word' id='word_1_217' title='bbox 467 3554 529 3616; x_wconf 90' lang='lat' dir='ltr'><em>per</em></span> <span class='ocrx_word' id='word_1_218' title='bbox 551 3541 708 3616; x_wconf 82' lang='lat' dir='ltr'><em>tempora</em></span> <span class='ocrx_word' id='word_1_219' title='bbox 727 3534 848 3610; x_wconf 85' lang='lat' dir='ltr'><em>multa,</em></span> <span class='ocrx_word' id='word_1_220' title='bbox 870 3555 950 3599; x_wconf 83' lang='lat' dir='ltr'><em>nem</em></span> <span class='ocrx_word' id='word_1_221' title='bbox 965 3533 1160 3598; x_wconf 83' lang='lat' dir='ltr'><em>Wallenses</em></span> 
     </span>
     <span class='ocr_line' id='line_1_32' title="bbox 214 3633 1160 3716; baseline -0.004 -17"><span class='ocrx_word' id='word_1_222' title='bbox 214 3636 345 3715; x_wconf 85' lang='lat' dir='ltr'><em>egressi</em></span> <span class='ocrx_word' id='word_1_223' title='bbox 381 3635 627 3698; x_wconf 85' lang='lat' dir='ltr'><em>destruxerunt</em></span> <span class='ocrx_word' id='word_1_224' title='bbox 656 3642 807 3697; x_wconf 84' lang='lat' dir='ltr'><em>cestrum</em></span> <span class='ocrx_word' id='word_1_225' title='bbox 837 3634 923 3698; x_wconf 92' lang='lat' dir='ltr'><em>illud</em></span> <span class='ocrx_word' id='word_1_226' title='bbox 956 3633 1048 3716; x_wconf 88' lang='lat' dir='ltr'><em>quod</em></span> <span class='ocrx_word' id='word_1_227' title='bbox 1078 3651 1160 3695; x_wconf 87' lang='lat' dir='ltr'><em>con·</em></span> 
     </span>
     <span class='ocr_line' id='line_1_33' title="bbox 214 3731 1269 3816; baseline -0.006 -19"><span class='ocrx_word' id='word_1_228' title='bbox 214 3740 403 3809; x_wconf 81' lang='lat' dir='ltr'><em>struxerat,</em></span> <span class='ocrx_word' id='word_1_229' title='bbox 432 3740 467 3796; x_wconf 90' lang='lat' dir='ltr'><em>et</em></span> <span class='ocrx_word' id='word_1_230' title='bbox 497 3732 727 3796; x_wconf 81' lang='lat' dir='ltr'><em>mediantibus</em></span> <span class='ocrx_word' id='word_1_231' title='bbox 752 3740 873 3815; x_wconf 81' lang='lat' dir='ltr'><em>postea</em></span> <span class='ocrx_word' id='word_1_232' title='bbox 900 3734 981 3797; x_wconf 86' lang='lat' dir='ltr'><em>viris</em></span> <span class='ocrx_word' id='word_1_233' title='bbox 1012 3731 1162 3816; x_wconf 85' lang='lat' dir='ltr'><em>pacificis</em></span> <span class='ocrx_word' id='word_1_234' title='bbox 1175 3753 1269 3796; x_wconf 65' lang='lat' dir='ltr'><em>remi·</em></span> 
     </span>
    </p>
   </div>
   <div class='ocr_carea' id='block_1_8' title="bbox 214 3803 1275 3914">
    <p class='ocr_par' dir='ltr' id='par_1_8' title="bbox 214 3803 1275 3914">
     <span class='ocr_line' id='line_1_34' title="bbox 214 3803 1275 3914; baseline -0.065 -16"><span class='ocrx_word' id='word_1_235' title='bbox 214 3853 291 3897; x_wconf 89' lang='lat' dir='ltr'><em>cum</em></span> <span class='ocrx_word' id='word_1_236' title='bbox 325 3852 365 3896; x_wconf 89' lang='lat' dir='ltr'><em>eo</em></span> <span class='ocrx_word' id='word_1_237' title='bbox 399 3831 572 3914; x_wconf 84' lang='lat' dir='ltr'><em>pacificati</em></span> <span class='ocrx_word' id='word_1_238' title='bbox 611 3841 692 3894; x_wconf 90' lang='lat' dir='ltr'><em>sunt</em></span> <span class='ocrx_word' id='word_1_239' title='bbox 723 3839 757 3895; x_wconf 90' lang='lat' dir='ltr'><em>et</em></span> <span class='ocrx_word' id='word_1_240' title='bbox 790 3833 999 3896; x_wconf 80' lang='lat' dir='ltr'><em>concordati.</em></span> <span class='ocrx_word' id='word_1_241' title='bbox 1061 3803 1275 3894; x_wconf 58' lang='lat' dir='ltr'><em>numum„</em></span> 
     </span>
    </p>
   </div>
   <div class='ocr_carea' id='block_1_9' title="bbox 216 3980 1164 4326">
    <p class='ocr_par' dir='ltr' id='par_1_9' title="bbox 216 3980 1164 4171">
     <span class='ocr_line' id='line_1_35' title="bbox 250 3980 1164 4045; baseline -0.007 -11"><span class='ocrx_word' id='word_1_242' title='bbox 250 3980 258 4010; x_wconf 92' lang='lat'><strong>¹</strong></span> <span class='ocrx_word' id='word_1_243' title='bbox 277 3983 503 4045; x_wconf 62' lang='lat' dir='ltr'><em>‘cicerumensie’</em></span> <span class='ocrx_word' id='word_1_244' title='bbox 520 3982 597 4032; x_wconf 86' lang='lat' dir='ltr'><strong>MSS.</strong></span> <span class='ocrx_word' id='word_1_245' title='bbox 613 3980 679 4030; x_wconf 83' lang='lat' dir='ltr'><em>Ooll.</em></span> <span class='ocrx_word' id='word_1_246' title='bbox 740 3981 750 4010; x_wconf 81' lang='lat'>⁵</span> <span class='ocrx_word' id='word_1_247' title='bbox 766 3983 917 4043; x_wconf 64' lang='lat' dir='ltr'><em>‘obviabat&#39;</em></span> <span class='ocrx_word' id='word_1_248' title='bbox 929 3983 1004 4032; x_wconf 88' lang='lat' dir='ltr'><strong>MSS.</strong></span> <span class='ocrx_word' id='word_1_249' title='bbox 1017 3981 1082 4031; x_wconf 84' lang='lat' dir='ltr'><em>Goll.</em></span> <span class='ocrx_word' id='word_1_250' title='bbox 1095 3981 1164 4033; x_wconf 82' lang='lat' dir='ltr'><em>Arm.</em></span> 
     </span>
     <span class='ocr_line' id='line_1_36' title="bbox 216 4052 901 4171; baseline -0.003 -68"><span class='ocrx_word' id='word_1_251' title='bbox 216 4055 288 4152; x_wconf 53' lang='lat' dir='ltr'><em>Arrn²</em></span> <span class='ocrx_word' id='word_1_252' title='bbox 299 4055 353 4135; x_wconf 76' lang='lat' dir='ltr'><em>and</em></span> <span class='ocrx_word' id='word_1_253' title='bbox 361 4053 498 4171; x_wconf 47' lang='lat' dir='ltr'><em>Geffis&#39;l&#39;ilir.</em></span> <span class='ocrx_word' id='word_1_254' title='bbox 540 4122 557 4169; x_wconf 72' lang='lat' dir='ltr'>d</span> <span class='ocrx_word' id='word_1_255' title='bbox 705 4053 754 4101; x_wconf 83' lang='lat' dir='ltr'><em>and</em></span> <span class='ocrx_word' id='word_1_256' title='bbox 766 4052 834 4103; x_wconf 79' lang='lat' dir='ltr'><em>oon.</em></span> <span class='ocrx_word' id='word_1_257' title='bbox 844 4053 901 4101; x_wconf 80' lang='lat' dir='ltr'><em>Tib.</em></span> 
     </span>
    </p>

    <p class='ocr_par' dir='ltr' id='par_1_10' title="bbox 251 4129 1142 4254">
     <span class='ocr_line' id='line_1_37' title="bbox 251 4129 1142 4254; baseline -0.01 -51"><span class='ocrx_word' id='word_1_258' title='bbox 251 4195 262 4226; x_wconf 75' lang='lat'><em>,</em></span> <span class='ocrx_word' id='word_1_259' title='bbox 278 4129 404 4254; x_wconf 52' lang='lat' dir='ltr'><em>sffffired</em></span> <span class='ocrx_word' id='word_1_260' title='bbox 416 4157 478 4240; x_wconf 79' lang='lat' dir='ltr'><em>eo&#39;m</em></span> <span class='ocrx_word' id='word_1_261' title='bbox 490 4137 548 4241; x_wconf 60' lang='lat' dir='ltr'><em>ll}</em></span> <span class='ocrx_word' id='word_1_262' title='bbox 560 4157 656 4239; x_wconf 50' lang='lat' dir='ltr'><em>Lm</em></span> <span class='ocrx_word' id='word_1_263' title='bbox 743 4147 892 4212; x_wconf 72' lang='lat' dir='ltr'><em>⁶suppned</em></span> <span class='ocrx_word' id='word_1_264' title='bbox 903 4149 964 4197; x_wconf 74' lang='lat' dir='ltr'><em>eom</em></span> <span class='ocrx_word' id='word_1_265' title='bbox 978 4147 1036 4194; x_wconf 80' lang='lat' dir='ltr'><em>ne.</em></span> <span class='ocrx_word' id='word_1_266' title='bbox 1048 4145 1142 4194; x_wconf 70' lang='lat' dir='ltr'><em>nanae</em></span> 
     </span>
    </p>

    <p class='ocr_par' dir='ltr' id='par_1_11' title="bbox 252 4247 999 4326">
     <span class='ocr_line' id='line_1_38' title="bbox 252 4247 999 4326; baseline -0.023 -14"><span class='ocrx_word' id='word_1_267' title='bbox 252 4258 262 4288; x_wconf 83' lang='lat'><strong><em>⁴</em></strong></span> <span class='ocrx_word' id='word_1_268' title='bbox 279 4262 470 4326; x_wconf 68' lang='lat' dir='ltr'><em>‘occasionem’</em></span> <span class='ocrx_word' id='word_1_269' title='bbox 482 4261 539 4312; x_wconf 90' lang='lat' dir='ltr'><em>MS.</em></span> <span class='ocrx_word' id='word_1_270' title='bbox 552 4259 646 4309; x_wconf 77' lang='lat' dir='ltr'><em>Lausd.</em></span> <span class='ocrx_word' id='word_1_271' title='bbox 744 4250 753 4283; x_wconf 83' lang='lat'>⁷</span> <span class='ocrx_word' id='word_1_272' title='bbox 770 4247 911 4311; x_wconf 57' lang='lat' dir='ltr'><em>‘convelli&#39;</em></span> <span class='ocrx_word' id='word_1_273' title='bbox 924 4249 999 4298; x_wconf 88' lang='lat' dir='ltr'><strong>MSS.</strong></span> 
     </span>
    </p>
   </div>
   <div class='ocr_carea' id='block_1_10' title="bbox 0 0 1606 4988">
    <p class='ocr_par' dir='ltr' id='par_1_12' title="bbox 0 0 1606 4988">
     <span class='ocr_line' id='line_1_39' title="bbox 0 0 1606 4988; baseline 0 0"><span class='ocrx_word' id='word_1_274' title='bbox 0 0 1606 4988; x_wconf 95' lang='lat' dir='ltr'><em> </em></span> 
     </span>
    </p>
   </div>
  </div>
 </body>
</html>
