3132 4996
405 469 449 532 36
778 483 986 530 canomcon

262 662 377 750 Anepplpl
408 643 559 722 ‘absque
581 640 716 705 dubio'l
743 647 974 721 suscepturus
999 638 1166 702 auxilium
1192 639 1256 702 sibi
1279 659 1358 721 pro-

245 767 396 843 Μ
408 742 579 804 mittentes
604 749 639 804 et
665 759 827 821 regnum;
851 740 911 821 qui
934 738 1111 802 confestim
1135 742 1360 821 congregavit

246 845 354 934 gffigff
409 842 609 916 exercitum,
634 849 668 904 et
693 859 799 902 naves
825 839 1031 902 coadunavit
1055 839 1231 919 copiosas:
1267 841 1359 920 quod

281 925 292 944 ⁰
410 959 525 1021 regem
557 940 745 1003 Henrieum
774 940 811 1001 in
838 939 933 1002 brevi
962 957 1030 1000 non
1054 937 1176 1012 latuit;
1210 939 1299 1002 unde
1325 947 1360 1002 et

410 1041 573 1123 praecepit
598 1039 788 1103 marinariis
811 1045 973 1119 portuum
994 1036 1256 1117 diligentissima
1277 1058 1361 1102 cura

410 1160 504 1204 mare
530 1139 712 1214 custodire,
741 1139 886 1219 nequis
916 1137 959 1200 de
989 1136 1202 1200 Normannia
1229 1139 1360 1201 veniret

411 1240 447 1302 in
469 1237 650 1319 Angliam:
685 1239 862 1319 ipsavero
885 1256 947 1300 rex
973 1243 1189 1316 congregato.
1206 1237 1359 1301 huiume-

412 1337 512 1401 rabili
534 1337 687 1400 exercitu
710 1356 778 1399 non
794 1337 896 1418 longe
913 1337 957 1399 ab
980 1334 1156 1416 Hastinga
1171 1343 1284 1399 castra
1298 1356 1359 1418 po-

413 1437 495 1512 suit,
520 1438 722 1500 autumabat
745 1437 833 1499 enim
856 1435 996 1499 tratrem
1018 1435 1176 1498 sunm-in
1196 1434 1263 1498 illis
1281 1456 1360 1518 par-

413 1538 504 1600 tibus
520 1535 754 1618 appulsorum,
777 1534 837 1598 sed
861 1555 882 1598 a
899 1535 1012 1598 nautis
1032 1534 1102 1597 suis
1118 1534 1281 1616 deceptus
1299 1543 1361 1599 est.

252 1664 297 1703 rm
305 1662 394 1710 English
416 1635 509 1700 Nam
538 1655 651 1698 comes
681 1635 738 1698 ille
773 1635 940 1716 quosdam
971 1654 1016 1698 ex
1048 1634 1238 1697 marinariis
1269 1636 1361 1716 regis

252 1714 391 1804 iffirdl⁸⁹¹⁸⁸
415 1735 501 1798 adeo
526 1735 624 1798 donis
649 1742 683 1798 et
708 1735 987 1815 promissionibus
1017 1733 1130 1814 fregit,
1155 1734 1245 1815 quod
1269 1734 1361 1798 fran-

415 1842 535 1915 gentes
550 1833 750 1898 fidelitatem
765 1834 837 1914 regi
852 1841 887 1897 et
902 1833 946 1896 ad
960 1833 1073 1915 ipsum
1087 1832 1257 1914 fugientes
1281 1854 1361 1897 oon-

416 1935 511 1998 tinuo
527 1935 591 1997 sibi
606 1935 643 1997 in
660 1933 823 2014 Angliam
838 1932 943 1996 duces
958 1931 1208 1996 ‘existerent.'‘²
1260 1932 1363 2011 Quod

414 2054 494 2097 oum
521 2034 580 2098 ille
608 2033 755 2110 fecisset,
785 2040 820 2097 et
858 2032 902 2096 ad
939 2031 1219 2114 proficiscendum
1251 2035 1366 2096 omnia

415 2142 575 2216 prompta
603 2142 717 2198 essent
746 2140 781 2196 et
810 2139 933 2214 parata
958 2151 1081 2196 navem
1110 2151 1188 2194 cum
1211 2133 1365 2196 exercitu

254 2252 288 2291 rn
301 2251 361 2291 nna
370 2255 393 2290 a
417 2233 624 2308 conscendit,
634 2240 680 2310 et,
693 2234 777 2314 ipsis
788 2232 1002 2308 ducentibus,
1017 2230 1109 2313 apud
1121 2231 1365 2297 Portesmouth

253 2302 398 2400 llllllllfh'
417 2333 509 2396 circa
531 2332 657 2396 festum
686 2332 803 2396 Sancti
829 2331 925 2395 Petri
954 2330 998 2394 ad
1022 2330 1173 2395 Vincula
1196 2350 1259 2413 pro
1285 2339 1366 2396 voto

255 2403 391 2452 mm
418 2432 594 2514 applicuit,
617 2432 800 2513 statimque
822 2431 929 2494 movit
951 2450 988 2494 se
1011 2449 1129 2494 versus
1155 2430 1367 2495 Wintoniam

419 2552 497 2595 cum
516 2531 608 2594 omni
632 2531 731 2613 plebe
753 2550 835 2594 sua:
858 2529 950 2611 quod
970 2529 1146 2594 audientes
1170 2530 1367 2594 seductores

419 2633 478 2713 qui
506 2651 584 2694 eum
608 2638 824 2706 vocaverant,
848 2637 1070 2694 cucurrerrmt
1093 2629 1137 2693 ad
1160 2649 1259 2707 eum;
1291 2632 1367 2711 qui·

419 2732 498 2795 dam
527 2737 642 2794 tamen
670 2750 787 2794 eorum
814 2735 1048 2793 remanserunt
1077 2749 1153 2793 cum
1183 2726 1275 2811 rege,
1307 2731 1368 2794 sed

420 2838 532 2894 mente
553 2829 644 2896 ficta.
688 2830 829 2893 Interim
845 2830 926 2892 dum
941 2849 1004 2893 rex
1018 2836 1053 2893 et
1074 2849 1246 2894 comesse
1266 2849 1367 2911 para-

421 2937 496 2994 rent
526 2930 569 2993 ad
605 2929 773 3010 proelium,
789 2929 1004 2992 discretiores
1040 2929 1217 3010 utriusque
1249 2931 1369 3009 partis

256 3039 351 3129 gffil'
361 3049 408 3080 ⁰⁰¹¹·
421 3029 538 3093 habito
553 3031 642 3094 inter
656 3049 693 3092 se
705 3029 834 3092 salubri
849 3027 1001 3104 consilio,
1012 3048 1133 3109 paoem
1143 3029 1232 3092 inter
1245 3028 1369 3092 fratres

334 3117 339 3137 '
421 3129 471 3192 sic
486 3129 718 3210 componendo
733 3135 926 3192 statuerunt
941 3137 981 3192 ut
996 3125 1103 3191 ‘111.'³
1117 3128 1225 3191 millia
1235 3148 1369 3192 marcas

336 3244 343 3255 ·
422 3231 555 3310 argenti
583 3228 725 3312 singulis
746 3230 843 3292 annis
869 3249 931 3292 rex
954 3226 1164 3310 persolveret
1186 3228 1312 3304 comiti,
1335 3237 1370 3292 et

420 3330 571 3394 vicissim
592 3330 851 3393 restituerentur
870 3329 983 3391 omnia
1003 3327 1195 3391 hominibus
1217 3329 1288 3391 suis
1311 3329 1370 3410 qui

420 3430 476 3493 vel
503 3431 539 3493 in
564 3428 693 3510 Anglia
715 3436 855 3511 propter
876 3429 1044 3504 comitem,
1061 3426 1115 3491 vel
1137 3427 1172 3490 in
1198 3427 1368 3491 Norman-

421 3529 479 3592 nia
503 3537 643 3610 propter
665 3549 791 3609 regem,
814 3527 975 3609 quicquid
1005 3525 1233 3607 perdiderant,
1261 3533 1370 3591 terras

257 3643 389 3732 fflpgn
422 3627 552 3692 scilicet
576 3646 797 3709 quascunque
820 3626 1005 3708 dignitates
1020 3627 1075 3690 vel
1090 3625 1245 3690 honores.
1299 3627 1369 3690 Re·

259 3744 389 3793 Normndr·
423 3744 610 3807 versusque
630 3733 682 3790 est
703 3745 816 3789 comes
839 3726 874 3788 in
897 3726 1155 3802 Normanniam,
1171 3732 1206 3789 et
1224 3727 1260 3788 in
1281 3745 1371 3789 anno

231 3823 237 3836 ’
422 3825 578 3906 sequenti
603 3825 784 3908 praedictas
814 3833 884 3918 tres
907 3825 1014 3890 millia
1041 3845 1174 3890 marcas
1199 3825 1370 3890 condona·

423 3926 473 3989 vit
486 3927 569 4008 regi.

458 4193 463 4220 ¹
483 4196 596 4245 Omitted
607 4195 633 4244 in
646 4193 701 4242 MS.
714 4191 780 4242 Cott.
792 4191 849 4240 Tib.
942 4186 952 4215 ³
969 4188 1040 4238 ‘v11.'
1051 4187 1107 4236 MS.
1121 4185 1189 4235 Gott.
1200 4183 1256 4234 Tib.

455 4263 465 4292 ³
483 4264 654 4327 ‘extiterrmt‚’
666 4263 723 4311 MS.
735 4261 802 4311 Gon.
813 4261 870 4309 Tib.
