3132 4988
425 485 595 533 wnnrnru
620 485 666 530 un
688 485 973 533 nsumcnuauu.
1104 469 1170 534 319

217 642 363 718 comitis
378 643 513 707 litteras
528 661 609 706 suas
623 641 665 705 ad
682 641 800 705 fideles
815 661 896 705 suos
912 661 1000 723 quos
1015 643 1049 705 in
1062 643 1169 706 muni·
1196 657 1326 747 {⁶3⁰1}ss

219 742 311 804 tione
328 742 371 804 de
391 742 587 822 Tunebrige
609 742 847 817 constituerat,
865 741 956 823 quod
980 741 1022 804 de
1045 749 1332 805 caetero-⁶*

218 841 406 904 baronibus
422 841 605 922 quicquam
623 839 705 902 mali
724 860 794 903 uon
816 839 983 903 inferrent
996 840 1057 903 sed
1082 840 1170 903 redi-

219 945 296 1001 rent
322 939 366 1002 ad
388 939 540 1020 propria,
563 936 720 1018 eoquod
747 957 818 1019 pax
841 946 915 1002 erat
937 939 972 1001 in
995 938 1113 1020 januis
1137 949 1172 1002 et

221 1036 331 1100 modis
349 1037 507 1101 omnibus
524 1036 763 1117 adimplenda3
791 1035 893 1099 atilli
908 1054 977 1099 non
994 1037 1171 1100 credentes

220 1143 449 1216 perrexerunt
462 1136 513 1199 ita
527 1143 567 1198 ut
582 1141 680 1198 erant
694 1135 819 1197 armati
833 1153 942 1215 usque
957 1135 1120 1210 Bristow,
1136 1143 1172 1198 et

220 1239 422 1296 manserunt
442 1234 490 1296 ibi
506 1234 543 1296 in
564 1233 727 1315 pracsidio
751 1252 858 1314 usque
872 1239 952 1314 post
975 1234 1172 1297 evasionem

222 1332 386 1395 Edwardi
401 1331 462 1394 filii
479 1332 571 1411 regis
587 1350 608 1394 a
625 1350 774 1395 carcere.
827 1331 945 1394 Primo
963 1339 1170 1394 tamencum

220 1430 398 1493 audissent
430 1430 523 1512 apud
554 1430 750 1510 Tunebrige
784 1449 901 1509 regem
933 1429 1105 1493 devictum
1137 1437 1172 1493 et

223 1528 481 1591 Londonienses
507 1547 569 1609 per
594 1527 701 1590 filium
725 1527 817 1607 regis
842 1529 878 1590 in
899 1527 1017 1608 fugam
1041 1547 1170 1604 versos,

219 1627 428 1709 praedicente
441 1625 618 1690 Willelmo
633 1626 675 1688 de
687 1625 769 1709 Say,
782 1626 842 1706 qui
858 1645 880 1688 a
893 1625 1057 1689 conflictu
1073 1628 1171 1707 fuge·
1218 1665 1223 1675 x

220 1733 287 1800 rat,
309 1725 401 1807 quod
424 1725 684 1807 hospitarentur
705 1724 964 1787 Londonienses
986 1725 1047 1806 qui
1069 1725 1169 1806 fuge-

222 1831 301 1887 rant
316 1823 408 1906 apud
421 1823 592 1905 Croyden,
607 1823 781 1886 irruerunt
795 1823 831 1884 in
847 1841 905 1885 eos
920 1823 1171 1904 advesperante

221 1921 289 1998 die,
304 1929 350 2000 et,
368 1923 480 2004 captis
498 1921 630 2003 spoliis,
646 1920 773 1984 multos
791 1929 1020 2002 peremerunt.

354 2141 506 2220 Quomodo
527 2139 710 2204 Edwardus
731 2139 828 2202 euasit
849 2161 870 2202 o
895 2140 1060 2210 (lurcare.

226 2315 503 2378 .Decrescente
539 2319 639 2395 parte
677 2313 769 2393 regis
806 2320 842 2375 et
877 2313 1039 2376 roborata
1075 2322 1314 2394 perterruere

1186 2381 1243 2419 ward
1230 2379 1311 2418 d¹-sim

224 2415 358 2477 comitis
379 2411 601 2476 difficiliorem
626 2431 664 2474 se
686 2429 800 2474 comes
821 2411 990 2488 exhibuit,
1013 2431 1055 2476 eo
1081 2415 1326 2494 quodrusonment

225 2533 287 2575 rex
304 2510 376 2575 ‘et¹
393 2512 509 2574 omnia
526 2529 590 2572 sua
612 2511 648 2572 in
671 2516 844 2591 potestate
859 2511 994 2573 comitis
1009 2518 1044 2574 et
1060 2513 1174 2592 gratia

224 2609 483 2692 dependebant;
507 2608 812 2670 circumduxerunt
840 2627 923 2688 ergo
948 2608 1056 2672 filium
1082 2612 1175 2688 regis

225 2709 270 2772 ad
287 2708 430 2773 fortiora
447 2707 591 2770 castella
614 2725 794 2788 quousque
811 2707 913 2787 quasi
927 2709 1042 2770 omnia
1059 2718 1175 2773 castra

225 2807 387 2871 terracin
414 2811 619 2887 potestatem
644 2806 778 2868 comitis
803 2805 1033 2882 traderentur,
1056 2814 1091 2870 et
1116 2827 1174 2871 ex·

225 2913 309 2969 tuuc
336 2905 465 2968 arctius
495 2905 596 2968 solito
628 2905 869 2968 custodiebant
895 2923 995 2983 eum3
1028 2925 1175 2987 cumque

225 3005 455 3067 crebresceret
486 3004 579 3066 sama
607 3002 700 3084 quod
728 3003 819 3064 filius
844 3004 936 3082 regis
965 3004 999 3065 in
1031 3005 1175 3068 vinculis

223 3107 410 3176 teneretur,
421 3101 662 3163 excitaverunt
677 3119 754 3161 eum
772 3106 812 3161 ut
829 3106 1016 3176 tornearet,
1027 3110 1066 3164 ut
1080 3103 1175 3165 vide-

224 3210 322 3263 retur
335 3200 370 3261 in
386 3197 535 3279 populo:
563 3196 671 3260 atille
686 3196 911 3277 praemunitus
927 3204 961 3259 et
975 3198 1175 3262 seditionem

226 3299 351 3360 timens
377 3315 446 3359 non
473 3314 510 3357 se
537 3295 699 3357 credebat
724 3295 787 3368 eie,
811 3293 873 3357 filii
899 3301 1014 3357 autem
1039 3298 1175 3360 comitis

226 3397 287 3478 qui
320 3402 419 3460 erant
454 3400 616 3474 quatuor,
652 3392 784 3455 scilicet
818 3391 1005 3469 Henricus‚
1023 3472 1024 3476 Ἰ
1045 3393 1174 3470 Simon,

228 3494 364 3570 Gwido,
382 3499 417 3557 et
432 3481 664 3556 ‘Emericus’⁹
683 3491 719 3553 in
745 3491 942 3570 superbiam
962 3493 1068 3555 erecti
1084 3492 1174 3556 sece-

226 3601 309 3655 runt
317 3592 428 3655 multa
438 3591 531 3666 mala
542 3609 620 3670 quae
633 3587 927 3670 displicuerunt*
939 3590 1056 3653 comiti
1067 3591 1174 3654 Glou·

226 3692 376 3766 cestriae3
411 3689 501 3752 inter
527 3708 605 3771 quae
641 3686 813 3750 Henricus
838 3686 897 3750 ille
926 3689 1176 3768 primogenitus

227 3809 305 3854 cum
322 3791 399 3870 ipso
416 3788 540 3851 comite
562 3786 792 3849 Gloucestriae
817 3791 995 3850 torneasse
1011 3784 1200 3850 debuerat
1273 3863 1276 3870 Ι
1382 3851 1384 3858 ,

226 3887 318 3969 apud
343 3885 633 3960 Norhamtonam,
649 3885 709 3948 sed
736 3885 872 3960 defecit,
893 3904 934 3948 eo
957 3885 1049 3964 quod
1077 3886 1174 3948 tirne-

260 4073 269 4103 ¹
286 4075 294 4101 ‘
303 4073 347 4133 in,’
361 4071 417 4121 MS.
432 4069 497 4119 0011.
509 4070 580 4117 Arm.
749 4065 760 4095 ³
776 4068 994 4130 ‘displicueraut,'
1012 4069 1088 4119 Mss.
1110 4068 1176 4119 0011.

259 4139 269 4168 ¹
285 4140 448 4200 ‘Henricus‚’
455 4139 514 4187 MS.
523 4138 589 4187 0011.
597 4138 668 4188 Arm.
679 4155 686 4198 ς
713 4138 784 4188 Arm.
796 4137 847 4202 and
859 4137 927 4189 cott.
937 4137 995 4187 Tib.

224 4209 410 4270 ‘Hemericns,'
422 4208 479 4258 MS.
492 4207 586 4258 Lunsd.
