3132 4988
397 485 462 550 332
759 497 980 546 oanoumou
1068 526 1071 532 .
1134 513 1135 518 κ

251 681 326 728 nonu
336 677 378 718 11¹-
400 661 468 724 sito
501 657 652 722 civitatis
681 655 724 719 de
748 651 907 736 Trapes‚¹
936 651 1156 732 secundoque
1185 651 1240 713 die
1269 658 1351 713 ante

241 728 386 792 Q
401 759 524 822 festum
558 755 793 838 apostolorum
825 751 972 815 Simonis
1005 758 1039 813 et
1066 750 1090 814 J
1093 750 1170 812 udae
1199 757 1234 813 et
1265 748 1351 812 hora

239 812 332 899 322⁶ss
401 858 502 939 quasi
516 875 618 930 nona,
640 861 676 919 et
695 851 971 916 anchoraverunt
993 848 1029 910 in
1054 849 1126 912 alto
1148 849 1236 911 mari
1257 848 1353 930 plus-

403 975 505 1038 quam
528 974 598 1018 uno
618 953 778 1016 milliario
800 970 822 1012 a
841 956 945 1024 terra,
961 955 1061 1011 erant
1078 949 1167 1010 enim
1189 949 1351 1011 maximae

403 1073 510 1118 naves
525 1053 671 1133 singulae
686 1051 852 1114 habentes
867 1048 935 1111 duo
947 1047 1027 1111 vela
1042 1055 1076 1110 et
1091 1065 1198 1127 supra
1212 1046 1351 1128 modum

404 1161 551 1228 onustae,
570 1156 805 1230 veneruntque
820 1147 957 1211 obviam
975 1146 1023 1209 eis
1045 1151 1090 1208 ex'
1108 1151 1211 1228 portu
1227 1145 1350 1208 civita-

404 1253 450 1315 tis
489 1250 625 1332 scaphae
665 1248 794 1324 multae,
830 1254 864 1309 et
896 1264 996 1324 reges
1029 1252 1077 1309 et.
1098 1245 1271 1325 principes
1309 1264 1349 1308 ac

404 1350 553 1433 majores
565 1347 740 1414 exercitus
751 1364 861 1426 usque
878 1345 920 1408 ad
933 1351 1059 1436 terram
1075 1341 1350 1424 ‘perduxerunt'²

403 1449 485 1512 bina
505 1449 580 1512 vice
603 1447 660 1510 vel
682 1447 784 1521 trina,
809 1445 869 1506 sed
898 1462 1005 1525 equos
1029 1443 1130 1505 valde
1160 1461 1290 1523 paucos
1316 1450 1352 1506 et

404 1565 501 1610 arma
526 1545 626 1628 quasi
654 1544 768 1607 nulla:
801 1542 1108 1624 advesperascente
1137 1542 1273 1604 demum
1295 1541 1351 1604 die

244 1665 347 1713 satyra·
405 1645 513 1708 movit
528 1663 566 1708 se
580 1662 686 1718 maro,
696 1649 731 1706 et
745 1643 861 1705 subito
874 1648 951 1704 orta
965 1647 1018 1703 est
1029 1647 1217 1722 tempestas
1232 1641 1351 1704 saevis-

245 1713 377 1810 fflltlffll
407 1745 507 1819 sima,
528 1743 580 1806 ita
599 1740 691 1824 quod
715 1739 846 1804 collisae
866 1759 974 1804 naves
996 1746 1030 1802 et
1053 1739 1238 1803 confractae
1260 1741 1351 1822 peri-

244 1812 394 1902 llllllbffl'
408 1847 519 1918 erunt,
536 1848 571 1905 et
594 1837 830 1904 ‘submersae'³
853 1845 934 1902 sunt
954 1839 1138 1921 plusquam
1161 1855 1248 1901 cxx.
1272 1858 1352 1902 cum

245 1911 382 2002 il‘nbl‘⁰‘
409 1941 506 2024 equis
535 1947 570 2004 et
603 1939 708 2003 armis
740 1945 775 2001 et
805 1938 984 2001 animabus
1010 1939 1147 2011 multis;
1183 1939 1351 2020 periitque

409 2040 593 2103 thesaurus
614 2038 672 2100 ille
692 2037 881 2100 sceleratus
907 2043 941 2100 et
966 2037 1000 2098 in
1025 2036 1233 2118 profundum
1249 2038 1352 2100 maris

409 2140 584 2202 demersus
599 2143 663 2213 est,
677 2137 835 2200 omnibus
852 2143 967 2199 autem
991 2136 1137 2199 navibus
1159 2135 1267 2217 ipsius
1283 2137 1353 2198 Ed·

411 2237 518 2301 wardi
534 2255 611 2319 quae
626 2241 725 2298 eraut
746 2251 830 2298 xnr.
851 2254 919 2298 non
943 2235 1061 2298 nocuit
1084 2234 1145 2296 illa
1167 2243 1354 2317 tempestas

410 2354 473 2397 nec
482 2336 584 2417 periit
594 2354 639 2397 ex
655 2334 703 2398 eis
714 2353 803 2396 unus
819 2334 933 2409 bomo,
949 2333 1168 2415 salvavitque
1184 2334 1353 2397 Dominus

410 2433 526 2498 omnia
542 2452 618 2509 sua,
627 2452 668 2495 eo
684 2433 776 2514 quod
795 2432 938 2496 consilio
953 2433 1120 2496 scelerato
1130 2452 1199 2495 non
1211 2452 1352 2497 consen·

411 2541 516 2597 serat.
561 2531 667 2594 Mane
676 2538 791 2594 autem
804 2531 897 2594 sacto
908 2531 989 2594 dum
1000 2533 1245 2611 egrederentur
1256 2553 1354 2614 reges

411 2632 456 2694 ad
474 2651 568 2694 mare
583 2631 743 2694 viderunt
765 2631 801 2693 in
815 2630 915 2693 litore
930 2631 1084 2694 homines
1108 2632 1303 2696 submersos
1319 2640 1355 2695 et

411 2749 518 2811 equos
536 2731 666 2811 absque
686 2748 840 2804 numero,
856 2729 1015 2793 viderunt
1035 2730 1173 2811 quidem
1189 2737 1223 2793 et
1238 2729 1354 2793 dolue-

412 2834 503 2903 runt,
518 2848 582 2891 nec
596 2829 730 2904 mirum,
746 2846 823 2891 cum
841 2829 1010 2891 extentis
1033 2829 1178 2891 navibus
1201 2835 1236 2891 et
1262 2829 1357 2893 mille

411 2926 608 3007 quingentis
629 2927 755 3002 nantis,
780 2927 910 3007 absque
932 2928 1105 2990 communi
1126 2926 1265 3009 populo,
1284 2946 1356 2990 non

411 3032 648 3089 remanserant
660 3026 767 3108 aliqui
777 3025 844 3088 nisi
855 3035 971 3089 nautae
982 3033 1117 3089 tantum
1126 3027 1225 3088 unius
1236 3027 1355 3105 navis;

412 3130 448 3186 et
471 3123 507 3187 bi
530 3126 667 3207 quidem
690 3125 754 3188 boc
781 3125 883 3188 modo
896 3131 1026 3188 :-erat
1045 3125 1079 3187 in
1102 3125 1163 3188 illa
1185 3126 1266 3188 navi
1286 3145 1355 3188 una

412 3223 503 3286 bona
521 3230 679 3288 matrona
694 3231 729 3286 et
745 3225 918 3288 comitissa
937 3244 1015 3305 quae
1035 3223 1222 3304 periculum
1238 3225 1357 3288 videns

412 3327 449 3383 et
471 3321 567 3404 juste
590 3321 661 3386 sibi
690 3324 827 3398 timens,
857 3323 1019 3404 quaesivit
1045 3341 1067 3385 a
1095 3323 1210 3385 nautis
1241 3330 1356 3385 utrum

413 3420 541 3484 salvari
555 3429 697 3502 possent
718 3422 749 3485 si
769 3422 852 3485 litus
872 3423 976 3485 maris
998 3420 1149 3501 arripere
1174 3426 1357 3503 attempta-

413 3526 509 3592 rent;
535 3526 573 3582 at
586 3521 636 3582 illi
645 3521 905 3602 responderunt,
917 3520 1006 3602 quod
1022 3520 1053 3581 si
1068 3520 1166 3582 lieret
1180 3520 1230 3583 sic
1245 3521 1360 3584 salva-

414 3624 532 3681 rentur
555 3618 710 3682 bomines
737 3619 797 3682 ssd
819 3620 947 3701 periret
971 3620 1048 3700 ipsa
1078 3619 1200 3692 navis;
1225 3625 1262 3681 at
1284 3620 1357 3694 illa,

414 3720 437 3749 “
450 3714 533 3778 Non
545 3717 591 3779 sit
601 3718 700 3780 vobis
711 3737 794 3781 cura
805 3717 848 3781 (le
858 3718 949 3793 navi,
962 3717 1125 3800 quoniam
1136 3718 1165 3779 si
1181 3718 1360 3781 salventur

413 3813 538 3878 animae
553 3815 737 3896 duplicabo
753 3816 851 3880 vobis
867 3816 1013 3897 pretium
1032 3815 1165 3879 navis.''
1217 3815 1359 3879 Statim-

449 4028 456 4058 ¹
474 4031 595 4093 Trapani,
612 4047 628 4080 a
645 4037 746 4093 seaport
761 4033 830 4080 town
847 4033 876 4080 of
898 4032 980 4080 haren
997 4037 1023 4080 to
1043 4032 1085 4081 the
1104 4031 1183 4093 sbape
1201 4033 1230 4080 ol
1244 4034 1362 4083 asickle.

411 4100 491 4161 Sicily
507 4102 534 4149 in
553 4101 596 4150 the
613 4102 696 4163 valley
714 4102 743 4150 of
759 4101 873 4162 Mazara,
933 4099 1167 4163 “produxeruntf
1178 4101 1235 4150 Ms.
1248 4103 1341 4153 Lunsd.

411 4171 537 4232 anciently
549 4171 631 4219 called
642 4171 800 4232 Drepanum,
810 4171 873 4218 from
934 4172 943 4202 ³
961 4170 969 4197 ‘
980 4166 1121 4233 submersi‚'
1129 4171 1205 4221 MSS.
1215 4171 1280 4221 Coll.
1290 4173 1362 4223 Arm,

411 4237 453 4285 the
472 4239 573 4289 lanciecl
594 4240 763 4298 resemblance
786 4239 815 4287 of
841 4240 874 4288 its
899 4238 1098 4290 audouario.
