3116 4990
402 493 571 541 wnernsr
596 493 642 539 ns
666 491 947 540 unurucsuncu.
1079 477 1142 544 161

185 654 266 730 post
289 647 363 711 dies
383 647 517 731 aliquot
539 668 606 713 una
630 670 708 714 cum
731 650 841 714 classe
869 651 967 732 regia
989 650 1033 714 ad
1057 649 1140 714 litus
1165 669 1286 759 {iffi

185 755 419 830 pervenerunt
454 757 624 831 optatum.
677 748 924 833 Applicuitque
950 770 1014 814 rex
1046 752 1138 833 apud
1152 768 1302 827 ,τῃ-Γ

185 845 315 911 Acram
338 848 375 911 in
400 848 520 930 vigilia
542 857 671 913 sanctae
696 850 890 926 Trinitatis,
914 857 949 914 et
973 870 995 914 a
1021 838 1294 938 Chris-issjf’ffi

185 946 288 1010 tianis
315 966 393 1012 cum
418 946 547 1030 gaudio
580 957 760 1032 susceptus
787 957 852 1028 est,
877 958 914 1015 et
935 957 1033 1015 tanto
1062 951 1138 1036 qui-

187 1044 264 1110 dem
280 1047 407 1127 gaudio
423 1054 555 1132 quanto
570 1049 666 1130 prius
688 1049 858 1114 desiderio
881 1049 994 1115 fuerat
1013 1069 1138 1134 expec-

184 1151 291 1210 tatus.

270 1371 318 1436 Dc
332 1371 503 1435 Discordia
520 1373 656 1458 ‘Rapum
670 1372 819 1436 Francia
835 1381 863 1436 cl
880 1369 1042 1458 displice?¹

238 1546 324 1609 Cum
343 1547 460 1627 igitur,
472 1554 511 1611 ut
526 1546 655 1612 dictum
671 1553 736 1624 est,
753 1567 816 1611 rex
827 1545 964 1628 Angliae
980 1567 1002 1612 a
1018 1547 1135 1632 Cypro
1148 1573 1276 1614 matonam

186 1645 417 1728 triumphator
438 1644 655 1730 ‘inclytus’2
677 1647 719 1711 ad
738 1647 950 1711 obsidionem
970 1648 1134 1726 venisset,
1147 1623 1288 1722 'i'ii'gi'ir‘h'

159 1765 268 1834 *mox
297 1747 388 1810 inter
415 1746 527 1828 ipsum
563 1754 598 1810 et
634 1767 749 1828 regem
790 1747 1002 1811 Francorum
1031 1768 1134 1830 quem
1146 1723 1244 1815 ii's‘i'id
1257 1723 1300 1763 ⁸¹¹³

185 1845 261 1929 ejus
285 1846 361 1929 jam
385 1845 563 1909 mordebat
594 1845 753 1923 felicitas
768 1845 1009 1910 ‘manifeste’³
1033 1846 1134 1911 dissi·

185 1945 287 2009 dendi
310 1945 505 2022 seminaria,
533 1953 674 2010 auctore
700 1945 867 2022 Sathena,
890 1954 1132 2028 provenerunt.

186 2045 303 2109 Tanta
327 2046 418 2110 enim
447 2046 539 2127 regis
572 2045 714 2109 Ricardi
744 2045 856 2127 gloria
878 2065 994 2126 regem
1023 2045 1133 2110 Fran-

185 2164 303 2208 corum
325 2145 399 2229 jam
421 2165 520 2209 urere
541 2152 708 2227 ooeperat,
731 2164 809 2208 cum
827 2164 865 2209 se
885 2149 896 2182 ‘
906 2144 1135 2209 intueretur'⁴

187 2245 317 2308 viribus
342 2252 377 2309 et
397 2245 519 2327 opibus
545 2245 731 2328 imparem:
764 2244 862 2308 illum
886 2264 969 2309 vero
992 2253 1135 2327 propter

185 2344 310 2408 virium
340 2363 513 2427 opumque
544 2343 817 2425 magnitudinem
848 2351 884 2410 et
912 2363 1135 2410 successuum

186 2444 380 2508 claritatem
414 2443 641 2508 excellentius
677 2444 826 2508 eminere
862 2451 897 2508 et
933 2445 1136 2527 propensius

186 2543 310 2608 ooliab
325 2544 493 2616 exercitu,
511 2550 547 2607 et
560 2544 695 2625 agenda
712 2544 828 2608 omnia
842 2543 886 2607 ad
902 2543 977 2626 ejus
988 2544 1136 2627 pendere

187 2644 377 2708 arbitrium.
431 2643 510 2707 Rex
537 2663 620 2725 ergo
646 2643 858 2707 Francorum
880 2644 1013 2708 ratione
1041 2643 1136 2726 pacti

186 2743 277 2807 inter
296 2761 356 2806 eos
372 2743 683 2825 peregrinationem
701 2743 917 2825 ingressuros
939 2743 1137 2808 solemniter

186 2842 306 2918 babiti,
330 2842 421 2926 quod
442 2842 574 2906 scilicet
596 2862 731 2907 omnem
753 2843 1016 2926 adquisitionem
1037 2861 1136 2910 suam

186 2942 315 3024 aequali
350 2942 441 3006 inter
475 2961 514 3005 se
550 2948 644 3006 sorte
680 2941 880 3021 dividerent,
917 2941 1135 3008 medietatem

186 3041 428 3124 adquisitionis
454 3040 592 3126 Cypriae
616 3049 688 3106 tam
712 3040 944 3105 immobilibus
972 3061 1075 3123 quam
1099 3041 1135 3104 in

185 3142 381 3217 mobilibus,
418 3150 586 3224 tanquam
618 3140 684 3206 sibi
714 3141 895 3224 perspicuo
924 3139 1005 3224 jure
1042 3159 1135 3206 com·

185 3244 358 3324 petentem
381 3239 554 3323 exigebat.
606 3239 664 3304 Ad
687 3239 752 3305 boc
774 3259 837 3304 rex
865 3238 1059 3321 Anglorum
1085 3258 1136 3302 re-

185 3340 388 3424 spondebat,
418 3339 638 3404 medietatem
668 3333 847 3404 ‘eorum’⁵
877 3358 955 3421 quae
983 3358 1136 3408 commu·

185 3440 287 3504 nibus
310 3427 530 3522 adquirerent
550 3438 692 3518 viribus,
709 3440 761 3503 illi
782 3438 916 3503 ratione
931 3439 1024 3521 pacti
1045 3457 1137 3506 com·

185 3547 324 3622 petere;
363 3545 428 3602 ‘se
462 3528 590 3604 vero'⁶
627 3539 776 3622 propriis
815 3537 969 3622 Cyprum
1007 3537 1137 3602 viribus

185 3639 387 3722 adquisisse,
416 3643 482 3703 ‘et
511 3635 631 3703 ideo'l
663 3637 760 3702 illum
790 3657 833 3708 ea
858 3637 1042 3720 inquibus
1073 3654 1137 3702 nec

220 3888 228 3920 ¹
245 3889 329 3939 ‘inter
339 3905 425 3953 regem
436 3891 552 3942 Francia
568 3896 595 3942 et
608 3906 647 3944 re·
710 3887 720 3918 ⁶
737 3889 853 3940 Omitted
863 3889 890 3938 in
902 3889 978 3938 MSS.
987 3887 1055 3938 coll.
1066 3886 1139 3938 Arm.

184 3974 243 4023 gem
254 3954 372 4023 Angliaess
384 3959 442 4011 MS.
455 3961 550 4012 Lansd.
676 3959 727 4009 and
750 3959 817 4009 Cott.
839 3959 911 4018 Tib.;
934 3955 1053 4020 ‘eutem'
1081 3955 1139 4008 MS.

220 4025 232 4060 ¹
247 4029 431 4092 ‘magnificus'
442 4030 500 4080 MS.
513 4030 581 4082 Coti.
591 4029 650 4082 Tib.
677 4028 773 4079 Lansd.

220 4095 232 4130 ⁸
248 4098 418 4162 ‘manifesta’
432 4100 490 4150 MS.
502 4101 598 4150 Lensd.
715 4094 801 4158 *ἰοί
812 4095 870 4148 MS.
882 4093 948 4144 Ooll.
956 4093 1044 4155 ΔΝΜ
1061 4091 1142 4155 ‘sed'

221 4165 426 4232 ⁴‘moneretur,'
468 4170 544 4222 MSS.
585 4169 652 4220 Goll.
680 4164 887 4218 macerarit.

186 4239 258 4289 Arm.
270 4239 321 4288 und
333 4238 470 4290 Gottfflb.
715 4232 943 4301 ⁷suppliedirom
954 4231 1012 4284 MS.
1025 4231 1119 4284 maed.

242 4355 322 4403 VOL.
339 4353 364 4402 1.
964 4348 989 4395 M
