3132 4996
405 521 576 568 wiuruar
600 520 647 568 nu
672 521 951 570 enumerares.
1123 505 1146 568 7

191 672 388 754 suscipitur,
415 680 451 737 et
480 673 599 737 andito
625 693 686 737 cur
714 677 862 756 patriam
890 677 1036 753 exierat,
1058 677 1144 740 bene
1160 693 1308 757 Q

193 771 330 852 quidem
354 792 424 836 rem
453 792 689 854 processuram
722 774 752 836 si
781 775 916 857 inipso
938 796 1008 840 non
1032 795 1143 839 rema-

192 878 302 947 neret,
330 872 519 954 respondit.
582 872 709 937 Tenuit
744 893 828 955 ergo
862 893 940 938 eum
971 875 1143 956 aliquibus

193 970 326 1044 diebus,
349 971 503 1052 satisque
525 970 711 1035 humanum
737 991 778 1036 ac
804 972 1007 1038 familiarem
1029 993 1068 1037 se
1092 972 1144 1036 illi

194 1069 364 1147 exhibuit,
379 1077 419 1134 ut
438 1071 488 1134 sic
509 1072 660 1133 animum
679 1069 810 1154 ‘ejus’¹
833 1073 869 1135 in
889 1091 970 1136 snos
997 1081 1143 1137 conatus

195 1168 361 1233 alliceret.
393 1169 550 1233 Tandem
563 1188 645 1234 vero
659 1168 817 1252 aperuit²
828 1171 860 1235 ei
873 1171 965 1253 quod
977 1171 1013 1234 in
1028 1183 1142 1235 mente

195 1267 332 1332 habuit:
359 1268 496 1332 dicebat
518 1269 608 1331 enim
632 1288 748 1350 regem
766 1269 986 1346 Edwardum,
1003 1270 1142 1354 quando

195 1386 271 1430 cum
288 1387 330 1430 eo
345 1375 428 1431 tunc
440 1369 570 1450 juvene
585 1369 709 1450 etipse
721 1368 860 1451 juvenis
874 1370 910 1432 in
928 1369 1144 1433 Normannia

196 1465 442 1543 demoraretur,
459 1467 538 1544 sibi,
555 1468 759 1549 interposita
780 1468 846 1531 fide
860 1487 936 1545 sua,
950 1468 1144 1550 pollicitum

196 1564 302 1628 fuisse
317 1565 407 1647 quod
426 1567 456 1628 si
469 1587 533 1630 rex
548 1565 687 1648 Angliee
706 1567 796 1631 foret
808 1586 973 1650 unquam,
984 1566 1044 1650 jus
1066 1587 1143 1649 reg-

195 1665 230 1726 ni
249 1665 286 1726 in
306 1665 402 1752 illum
421 1665 501 1749 jure
523 1665 741 1730 haereditario
769 1676 848 1748 post
871 1684 909 1730 se
931 1665 1145 1730 transferret.

199 1763 246 1826 Et
265 1764 414 1827 subdens
437 1766 508 1830 eit:
545 1765 635 1828 “Tu
652 1783 789 1847 quoque
810 1767 840 1828 si
862 1765 946 1829 mihi
968 1773 1003 1829 te
1026 1766 1062 1829 in
1080 1765 1146 1829 hoc

196 1862 395 1945 adjuturum
426 1863 665 1947 spoponderis
685 1871 721 1928 et
746 1865 887 1947 insuper
904 1865 1084 1928 castellum
1104 1865 1146 1927 de

199 1962 318 2026 Dover
332 1982 409 2026 cum
429 1971 533 2046 puteo
549 1983 650 2046 aquae
668 1963 712 2026 ad
732 1983 820 2045 opus
831 1983 946 2027 meum
963 1970 998 2025 te
1014 1963 1145 2027 ‘factu-

198 2059 307 2124 rum'³
332 2064 544 2144 promiseris,
567 2081 789 2143 sororemque
816 2068 924 2137 tuam,
954 2080 1058 2144 quam
1087 2061 1148 2123 uni

198 2160 242 2224 de
264 2162 475 2244 principibus
495 2162 579 2226 meis
601 2163 691 2237 dem,
721 2168 755 2224 te
777 2160 861 2224 mihi
882 2161 1148 2237 destinaturum,

199 2279 331 2324 necnon
354 2268 390 2324 et
411 2261 540 2326 filiam⁴
567 2280 677 2325 meam
700 2261 736 2323 in
759 2279 903 2325 uxorem
925 2265 1147 2342 accepturum

199 2359 410 2442 promiseris,
425 2370 508 2425 tunc
529 2367 564 2424 et
583 2361 685 2424 modo
708 2366 865 2441 nepotem
889 2367 988 2424 tuum
1011 2365 1046 2423 et
1068 2377 1147 2422 eum

199 2460 236 2522 iu
275 2460 438 2540 Angliam
473 2467 679 2542 regnaturus
714 2478 838 2524 venero
873 2458 1014 2524 fratrem
1049 2466 1147 2522 tuum

202 2558 406 2630 ineolumem
434 2560 609 2639 liberab03
632 2560 668 2622 in
685 2578 754 2641 quo
777 2579 886 2640 regno
903 2559 934 2622 si
954 2565 1015 2623 tuo
1032 2558 1151 2621 lavore

201 2659 424 2723 confirmatus
456 2660 642 2734 extiterim,
670 2657 823 2740 spondeo
848 2659 912 2721 tibi
938 2657 1031 2740 quod
1055 2657 1151 2737 quie-

202 2759 284 2839 quid
320 2764 369 2821 ‘a
399 2756 495 2822 me'⁵
526 2759 777 2822 rationabiliter
808 2758 872 2822 tibi
908 2756 1151 2838 postulaveris,

203 2858 335 2938 absque
366 2858 437 2921 ulla
470 2857 742 2922 contradictione
774 2857 980 2920 obtinebis.’'
1036 2855 1152 2919 Sensit

203 2977 288 3037 ergo
324 2956 502 3021 Haraldus
535 2957 724 3039 periculum
758 2956 922 3038 undique,
955 2975 1017 3019 nec
1052 2953 1154 3018 intel-

204 3057 291 3119 lexit
322 3075 393 3137 qua
419 3063 519 3139 parte
547 3056 719 3133 evaderet,
746 3064 781 3120 et
810 3056 891 3119 licet
922 3055 1065 3129 invitus,
1095 3072 1153 3116 ae-

204 3155 338 3237 quievit
351 3162 478 3220 tamen.
530 3155 580 3220 At
594 3174 720 3231 comes,
736 3163 775 3218 ut
791 3155 908 3218 omnia
929 3160 1007 3218 rata
1027 3153 1151 3227 forent,

204 3254 350 3336 prolatis
378 3263 575 3319 sanctorum
604 3255 757 3335 reliquiis
786 3255 828 3318 ad
859 3252 926 3317 hoc
956 3251 1313 3315 Haraldumhetakenw·

1161 3317 1219 3354 lemn
1228 3313 1278 3352 oeth
1292 3316 1314 3350 to

205 3354 370 3436 perduxit
405 3361 443 3417 ut
473 3353 700 3436 jurejurando
738 3359 925 3416 testaretur
957 3369 995 3413 se
1028 3355 1287 3411 cunctamutwu-

241 3564 248 3594 ¹
266 3563 376 3623 ‘sauna’
389 3562 444 3612 MS.
457 3562 524 3611 Oott.
534 3562 592 3610 Tib.
693 3559 743 3608 She
754 3558 814 3607 died
831 3557 927 3618 shortly
938 3557 1002 3605 aller
1020 3556 1062 3605 the
1079 3557 1157 3606 battle

241 3631 293 3680 2Α
307 3633 383 3680 fuller
399 3637 508 3680 account
520 3630 549 3680 ot'
563 3630 614 3678 this
630 3631 669 3677 in·
694 3630 723 3677 os
742 3628 866 3688 Hastiugs
885 3641 917 3675 on
945 3641 961 3675 a
978 3629 1087 3688 jonmey
1104 3628 1156 3676 into

203 3704 311 3752 terview
338 3703 361 3750 is
389 3702 464 3763 given
498 3702 524 3749 in
551 3699 670 3760 Eadmer,
694 3699 783 3758 Spain,
800 3697 851 3748 and
874 3711 929 3746 was
951 3697 1041 3746 buried
1065 3697 1092 3746 in
1113 3697 1155 3745 the

203 3774 278 3824 Hist.
287 3773 354 3821 Nov.
362 3775 403 3831 29,
411 3771 556 3830 ed.Gerb.;
577 3769 670 3818 Chron.
695 3767 790 3816 chnrch
806 3767 834 3816 of
847 3767 885 3816 St.
902 3767 979 3828 Mary
994 3771 1022 3816 at
1037 3767 1154 3828 Bayeux.

203 3844 239 3892 de
249 3841 461 3903 Nonn.,Recueil
471 3841 518 3888 des
526 3840 596 3888 Hist.
604 3838 637 3887 de
645 3839 672 3886 la
696 3837 816 3887 Willelm.
847 3835 958 3898 demet,
982 3836 1087 3884 Reeueil
1109 3837 1155 3886 des

204 3914 314 3972 Fraude,
325 3911 381 3960 xiii.
396 3913 461 3970 22³3
486 3909 549 3959 Gul.
562 3909 672 3969 Pictam,
697 3907 767 3956 Hist.
788 3907 820 3955 de
837 3907 863 3955 la
891 3906 997 3966 France,
1019 3906 1065 3954 xii.
1090 3909 1156 3964 5823

204 3980 554 4041 Hist.Norm.Script.191;
574 3979 672 4027 Roman
697 3977 836 4026 ordericus
865 3975 968 4034 Vitalis,
996 3974 1058 4022 Ecc.
1087 3973 1155 4022 Hist.

201 4054 237 4102 de
250 4051 317 4112 Rou,
328 4051 357 4098 ii.
369 4052 425 4099 112.
696 4047 741 4095 lib.
753 4047 799 4106 iii,
812 4045 881 4093 Hist.
895 4044 983 4091 Norm.
996 4042 1087 4102 Script.
1100 4045 1159 4102 let,

242 4118 253 4148 ⁸
269 4121 277 4146 ‘
284 4119 461 4180 servaturum,’
473 4118 531 4169 MS.
541 4118 617 4166 Harl.
697 4115 738 4165 ed.
750 4114 903 4172 Duchesne;
916 4113 951 4162 ib.
963 4110 1008 4160 lib.
1021 4126 1045 4160 v.
1057 4114 1115 4160 ete.

242 4188 253 4217 ⁴
269 4190 332 4238 This
347 4189 409 4250 lady
421 4203 476 4238 was
491 4188 619 4248 Adelidis,
630 4185 672 4234 the

203 4261 276 4312 third
287 4259 414 4322 daughter
424 4258 454 4307 ol
460 4258 504 4308 the
517 4257 672 4320 Conqueror.
732 4251 742 4282 ⁶
759 4251 873 4304 Omitted
884 4252 910 4300 in
922 4251 979 4302 MS.
991 4251 1059 4302 Oott.
1068 4250 1125 4300 Tib.
