3116 4990
378 454 444 519 174
744 471 955 518 canonicos

226 645 350 734 fflffl
378 636 492 693 tonem
522 628 632 710 ipsius
662 635 897 710 pronepotem,
920 628 951 690 si
978 627 1068 692 forte
1096 647 1156 692 rex
1186 627 1332 712 peregre

218 721 413 793 -'*-‘·in
434 729 507 793 fata
530 728 729 801 decederet;
755 747 797 790 eo
821 727 913 810 quod
936 727 988 791 illi
1009 729 1226 810 potissimum
1245 739 1332 795 nato

377 849 422 893 ex
440 827 607 893 Geosrido
629 827 735 891 fratre
756 827 849 907 regis
871 826 1015 911 majore,
1034 830 1207 893 successio
1229 833 1330 912 regni

377 935 608 1012 competeret;
631 933 831 1010 protestans
856 946 973 1008 regem
1000 947 1044 992 ex
1076 927 1194 992 Sicilia
1218 929 1330 995 literis

377 1029 443 1092 sibi
472 1028 610 1093 directis
638 1024 830 1092 Arthurum
859 1035 1019 1109 nepotem
1049 1048 1162 1105 suum,
1187 1029 1217 1092 si
1239 1029 1330 1094 forte

377 1129 490 1211 ipsum
507 1147 576 1192 non
591 1127 719 1192 reverti
733 1127 961 1207 contingeret,
976 1129 1075 1209 regni
1094 1127 1335 1192 successorem

378 1227 590 1310 designasse.
644 1225 724 1289 Hoc
748 1226 885 1308 quidem
908 1228 1110 1310 mysterium
1128 1229 1219 1293 inter
1239 1228 1328 1292 duos

377 1327 457 1391 illos
485 1333 657 1410 potentes,
682 1325 829 1390 occultis
856 1332 1046 1391 tractatum
1072 1329 1235 1404 susurris,
1259 1348 1328 1391 non

378 1425 438 1490 diu
464 1427 568 1491 latuit
596 1425 619 1490 J
622 1425 803 1502 ohannem,
829 1427 888 1508 qui
918 1435 1121 1509 conceptum
1148 1448 1326 1492 rancorem

378 1525 497 1590 subtili
511 1546 575 1608 pro
590 1533 744 1608 tempore
760 1525 898 1590 cautela
911 1527 1131 1591 dissimulans
1146 1547 1220 1592 suae
1234 1528 1328 1610 parti

378 1644 602 1709 quoscunque
617 1631 754 1707 poterat
769 1625 956 1707 prudenter
968 1629 1159 1691 conabatur
1174 1627 1326 1704 allicere,

378 1732 555 1808 artemque
571 1732 646 1789 arte
663 1725 798 1788 studuit
811 1725 966 1791 illudere.
1019 1727 1111 1790 Dum
1127 1733 1243 1791 autem
1257 1727 1328 1791 ista

377 1845 441 1908 per
468 1824 687 1890 insolentiam
717 1825 914 1889 cancellarii
939 1834 1154 1908 gererentur,
1188 1827 1263 1908 regi
1290 1828 1327 1890 in

378 1924 497 1990 Sicilia
513 1926 678 1990 hiemanti
698 1925 859 1988 universa
880 1925 972 1990 fideli
988 1927 1175 1991 multorum
1192 1927 1327 1990 innotu-

217 2053 348 2102 rnngmm
379 2045 435 2090 ere
452 2025 585 2090 relatu:
613 2025 673 2108 qui
689 2044 770 2088 mox
789 2024 985 2090 Walternm
1008 2026 1325 2108 Rothomagensem

215 2104 358 2200 wli,
379 2126 687 2208 archiepiscopum,
704 2125 814 2188 virum
833 2125 1037 2208 prudentem
1062 2133 1097 2190 et
1120 2127 1327 2201 modestum,

216 2205 439 2306 illillhnqui
456 2226 626 2306 cumipse
646 2223 831 2300 hiemabat,
849 2224 977 2290 direxit
992 2226 1029 2288 iu
1041 2225 1225 2307 Angliam;
1247 2246 1327 2290 enm

215 2307 356 2354 govemment

216 2355 353 2404 oleagina.
378 2325 464 2406 regii
487 2325 695 2388 auctoritate
720 2323 877 2406 rescripti
896 2325 1101 2390 cancellario
1126 2345 1188 2409 per
1210 2327 1328 2391 omnia
1376 2407 1383 2418 ,

377 2424 413 2487 in
438 2422 707 2488 administrando
736 2443 844 2504 regno
874 2433 1069 2489 consortem
1095 2433 1131 2491 et
1156 2426 1333 2508 collegam*

378 2523 583 2608 adjungens.
635 2522 769 2588 Verum
782 2524 872 2587 idem
889 2525 1116 2590 cancellarius
1131 2527 1229 2608 regia
1244 2546 1324 2590 con-

377 2625 519 2707 tempsit
532 2623 710 2698 mandata,
727 2623 883 2705 allegans
902 2625 968 2689 sibi
990 2634 1109 2691 notam
1130 2645 1207 2691 esse
1228 2627 1325 2709 prin-

377 2724 463 2806 cipis
489 2731 650 2800 mentem,
677 2723 733 2786 oui
762 2725 874 2804 magis
900 2726 1206 2807 obtemperandum
1234 2734 1327 2789 esset

377 2842 481 2906 qnam
497 2824 572 2886 siue
586 2829 701 2886 mente
718 2823 801 2887 solis
820 2824 931 2888 literis
953 2825 1085 2889 scilicet
1109 2827 1327 2908 surreptione

285 2909 288 2914 ¹
376 2921 524 2986 elicitis²
576 2921 734 3004 Cumque
752 2922 977 2988 Cantnariam
994 2925 1044 2988 ire
1059 2925 1259 3008 disponeret
1273 2945 1326 2988 se-

376 3022 527 3086 cundum
555 3022 648 3103 regis
674 3023 875 3088 mandatum
899 3031 1081 3100 vacantem
1104 3025 1326 3090 ordinaturus

376 3122 570 3199 ecclesiam,
606 3122 835 3190 cancellarius
864 3123 908 3187 ad
939 3125 1082 3188 eandem
1122 3123 1328 3206 dignitatem

376 3223 546 3305 aspirans,
563 3223 627 3287 hoo
648 3241 727 3286 eum
749 3224 928 3306 proposito
943 3224 1013 3288 cito
1026 3225 1136 3301 exuit,
1154 3231 1326 3292 maturam

374 3483 452 3529 quam
469 3469 569 3517 arctiori
585 3467 687 3517 vinculo
708 3471 837 3516 converta-
899 3465 980 3516 ¹This
990 3466 1159 3530 reasoningof
1166 3466 1327 3530 longchamp

374 3542 425 3602 tur,
434 3539 564 3603 praedictis
576 3538 654 3586 curie
666 3541 758 3588 vestre
769 3551 838 3599 mag·
862 3537 885 3586 is
896 3535 973 3586 borne
990 3541 1035 3585 out
1045 3538 1079 3600 hy
1090 3537 1132 3586 the
1149 3550 1263 3585 common
1275 3537 1328 3586 law

374 3609 476 3657 natibus
494 3608 520 3656 id
539 3622 572 3656 ex
589 3612 661 3668 parte
672 3611 757 3658 vestra
772 3611 838 3656 trac·
863 3606 892 3655 oi
904 3606 946 3656 the
958 3608 1028 3668 time,
1038 3606 1124 3656 which
1138 3606 1261 3657 admitted
1271 3621 1301 3656 as
1311 3622 1328 3656 a

374 3678 496 3738 tentibus,
535 3677 645 3724 Domino
679 3677 838 3738 disponente,
863 3676 1090 3740 principle,thatii
1097 3677 1150 3727 orat
1159 3675 1329 3725 declaratione

374 3746 534 3795 condiximus
544 3746 610 3794 inter
617 3744 757 3794 Arthurnm
768 3761 839 3807 egre-
863 3760 933 3796 came
944 3747 972 3794 in
986 3746 1086 3799 condiet
1095 3746 1159 3795 with
1173 3746 1275 3796 written
1288 3747 1328 3794 in-

374 3815 443 3876 gium
460 3815 551 3866 ducem
568 3815 718 3876 Britannia,
733 3815 838 3866 karissi-
864 3820 1008 3878 strumenta,
1029 3816 1071 3865 the
1094 3816 1186 3866 former
1207 3815 1260 3864 had
1284 3817 1328 3866 the

374 3899 443 3934 mum
454 3890 570 3947 nepotem
586 3889 708 3947 nostrum,
723 3889 749 3934 et
759 3885 839 3934 haere-
864 3900 931 3934 more
942 3887 1047 3949 binding
1058 3885 1195 3948 authority,
1205 3899 1275 3948 upon
1284 3885 1328 3934 the

374 3955 441 4019 dem,
453 3957 476 4006 si
487 3955 551 4004 forte
564 3956 617 4005 sine
630 3955 700 4017 prole
711 3969 757 4006 nos
768 3955 838 4005 obire
863 3969 968 4017 express
988 3955 1085 4020 ground
1107 3955 1162 4006 that
1180 3955 1222 4004 the
1243 3951 1329 4018 king’s

373 4027 515 4090 contigerit,
533 4031 559 4076 et
578 4026 738 4076 karissimam
760 4026 837 4074 filiam
863 4025 998 4076 intentione
1019 4025 1128 4075 testitied
1150 4026 1185 4088 by
1207 4023 1248 4073 his
1270 4039 1330 4074 own

373 4103 493 4158 vestram,
503 4097 689 4146 mauimouinm
704 4096 731 4144 in
742 4095 837 4145 Christi
863 4096 949 4145 mouth
966 4099 1034 4144 must
1049 4095 1156 4157 prevail.
1191 4095 1330 4156 Palgrare,

372 4165 759 4228 nominecoutrnhendnm‚''eto.
784 4166 837 4230 Ry·
863 4165 959 4215 Introd.
972 4166 1030 4216 liot.
1042 4165 1103 4216 Gur.
1115 4165 1222 4227 Regini.
1234 4168 1276 4215 62.

373 4249 437 4298 mer,
447 4236 556 4284 Foedera
568 4236 586 4285 i.
598 4239 638 4284 68.
