3132 4996
413 475 458 538 64
780 487 992 535 cunorncon

264 659 387 750 §quen-⁰
415 647 579 723 maxima,
595 654 629 710 et
643 647 926 710 insurrexerunt
916 666 952 710 m
974 665 1091 760 regem
1113 646 1296 727 optimates
1311 648 1365 710 sui

253 763 402 775 *-
414 747 492 810 hinc
507 754 542 810 et
556 748 646 811 inde.
691 745 842 829 Jamque
858 754 999 810 ornatus
1014 746 1102 827 regii
1112 748 1303 810 stemmatis
1320 749 1365 810 ab

412 847 555 928 antiquo
569 866 663 910 more
676 846 855 910 discedens
870 865 1010 928 prorsus
1028 845 1181 920 evanuit,
1194 847 1363 927 ingentis

411 965 478 1027 que
501 946 654 1010 thesauri
675 946 775 1028 copia
792 945 867 1029 jam
890 944 1078 1027 disparuit;
1103 963 1175 1027 pax
1198 945 1233 1007 in
1254 964 1363 1026 regno

412 1044 508 1110 nulla
530 1054 565 1109 et
586 1046 671 1109 fides
697 1044 912 1127 permodica;
938 1044 1100 1126 quoniam
1126 1044 1288 1121 caedibus,
1310 1046 1362 1107 in-

413 1145 554 1222 cendiis,
578 1153 613 1209 et
634 1145 763 1227 rapinis
788 1143 1109 1208 exterminabantur
1127 1145 1262 1224 omnia3
1290 1145 1361 1207 cla·

413 1264 489 1307 mor
517 1252 553 1308 et
576 1245 700 1320 luctuS,
723 1244 845 1307 horror
872 1249 907 1306 et
932 1249 1060 1306 tremor
1091 1244 1258 1306 tonabant
1288 1245 1362 1306 ubi-

415 1362 494 1424 que,
509 1344 569 1406 et
559 1363 595 1405 m
613 1345 705 1406 omni
723 1349 821 1425 parte
843 1343 995 1405 terrebat
1015 1341 1167 1406 violenta
1193 1343 1361 1424 praedatio

250 1451 491 1548 {,⁸390¹¹⁰21¹,¹‡{⁸⁰¹¹m
508 1442 670 1507 tumultu.
723 1441 902 1505 Secessit‘
911 1439 1057 1523 itaque'l
1082 1461 1144 1506 rex
1160 1449 1195 1504 et
1210 1443 1363 1524 perrexit

250 1550 382 1590 arneson.
415 1541 639 1618 Lincolniam,
658 1541 859 1622 obseditque
874 1541 1078 1604 munitiones
1094 1540 1259 1624 ejusdem,
1274 1560 1361 1622 quas

414 1640 648 1704 fraudulenter
659 1631 1027 1724 ceperatRanulphus
1033 1639 1358 1716 comesCestrensis,

145 1785 148 1790 -
251 1766 277 1805 n.
286 1765 311 1803 n
320 1766 376 1804 nn.
415 1759 437 1802 a
453 1740 581 1804 Natale
600 1740 740 1803 Domini
756 1759 866 1823 usque
883 1739 926 1802 ad
946 1739 1223 1803 Purificationem
1242 1740 1360 1804 Beatae

250 1815 336 1864 Snndny

251 1865 300 1905 res
311 1843 342 1904 2¹
415 1838 582 1920 Virginis.
606 1839 750 1903 Interim
764 1840 880 1903 idem‘
892 1858 1017 1914 comes,
1018 1837 1258 1903 ⁸coadunatis
1273 1841 1360 1902 mul-

416 1940 472 2016 tis,
488 1938 636 2003 adduxit
651 1959 767 2003 secum
785 1939 904 2002 eodem
918 1945 1073 2020 tempore
1092 1937 1283 2002 Robertum
1299 1959 1359 2020 ge-

416 2059 537 2103 nerum
560 2059 672 2116 suum,
694 2039 803 2102 filium
824 2039 917 2118 regis
945 2038 1118 2120 quondam
1148 2037 1303 2115 Henrici,
1324 2045 1359 2101 et

250 2161 272 2200 n
281 2161 346 2201 taren
359 2161 401 2210 pn.
414 2139 501 2204 alios
515 2157 674 2222 proceres
691 2138 930 2213 validissimos,
943 2138 987 2201 ad
1003 2136 1255 2201 dissolvendam
1267 2139 1359 2219 regis

250 2221 319 2259 '⁰¹¹⁸'
413 2237 643 2302 obsidionem.
666 2257 743 2300 cum
761 2245 876 2301 autem
893 2237 1054 2318 paludem
1064 2256 1151 2317 pene
1163 2237 1359 2300 mtransrhr

413 2336 479 2399 lem
496 2355 574 2400 cum
590 2335 792 2400 difficultate
808 2337 1000 2412 transisset,
1015 2335 1134 2400 statim
1157 2336 1192 2399 in
1209 2337 1285 2418 ipso
1305 2337 1361 2399 die

413 2437 551 2499 aciebus
563 2436 750 2517 dispositis,
762 2455 878 2516 regem
888 2435 1101 2517 Stephanum
1115 2435 1207 2499 bello
1218 2455 1360 2517 aggres-

413 2555 473 2598 sus
484 2542 548 2599 est.
566 2534 648 2618 Ipse
659 2536 748 2598 enim
760 2554 838 2598 cum
849 2535 921 2597 suis
931 2536 1038 2598 aciem
1049 2535 1193 2616 primam
1203 2554 1360 2616 assump-

411 2635 469 2712 sit,
486 2635 671 2698 secundam
691 2633 742 2697 illi
762 2653 848 2715 quos
867 2653 928 2704 rex
948 2633 1142 2715 Stephanus
1162 2634 1360 2698 exhaereda·

412 2736 474 2809 vit,
498 2735 635 2798 tertiam
660 2754 740 2797 vero
766 2733 824 2797 ille
851 2732 1026 2797 Robertus
1048 2733 1120 2796 dux
1143 2753 1301 2814 magnuS,
1325 2739 1360 2798 et

412 2853 434 2895 a
451 2833 558 2896 latere
575 2839 649 2897 erat
666 2841 779 2896 turma
795 2832 1023 2897 Wallensium
1038 2833 1226 2914 pervalida.
1280 2832 1361 2896 Rex
1414 2850 1417 2854 ·

412 2939 528 2995 autern
554 2933 689 2996 interim
713 2933 853 2995 missam
881 2931 1044 3012 audiebat
1071 2932 1293 3014 solempnem,
1316 2933 1359 2995 ad

412 3050 517 3113 quam
531 3051 608 3095 cum
626 3051 669 3095 ex
688 3051 781 3094 more
797 3037 962 3095 consueto
979 3049 1113 3094 cereum
1132 3031 1261 3108 offeret,
1279 3051 1360 3094 con-

343 3189 345 3196 ,
412 3130 541 3194 fractus
557 3138 609 3195 est
624 3132 751 3195 cereus
761 3150 839 3193 oum
853 3131 889 3193 in
904 3131 1061 3193 manibus
1079 3129 1270 3193 Alexandri
1287 3133 1360 3213 epi-

411 3232 507 3313 scopi
517 3251 594 3295 eum
604 3232 806 3312 imponeret,
819 3238 853 3293 et
868 3230 932 3293 hoc
947 3229 1012 3293 suit
1023 3229 1159 3309 signum
1175 3228 1358 3294 confracti·

412 3331 487 3394 ouis
501 3332 604 3413 regis,
652 3330 784 3394 Cecidit
800 3330 904 3393 etiam
920 3329 1023 3411 pyxis
1039 3347 1142 3409 super
1157 3329 1266 3392 altare
1282 3350 1359 3393 cum

411 3449 554 3512 corpore
583 3430 736 3507 Domini,
760 3436 862 3511 rupto
885 3427 1036 3504 vinculo,
1052 3434 1087 3490 et
1106 3427 1171 3490 hoc
1197 3427 1262 3492 fuit
1286 3431 1360 3510 regi

411 3529 677 3609 signumruinae.
731 3528 910 3609 Missaque
920 3527 1018 3591 finita
1030 3546 1092 3590 rex
1103 3529 1360 3594 strenuissimus

412 3626 600 3706 egreditur,
626 3639 760 3690 etcum
789 3627 975 3690 securitate
1000 3645 1128 3706 magna
1153 3627 1245 3690 acies
1269 3627 1360 3694 bello

411 3724 572 3806 disponit,
594 3726 813 3806 instituitque
836 3725 995 3788 consules
1018 3726 1055 3788 in
1077 3726 1174 3807 equis
1197 3745 1259 3808 per
1274 3727 1361 3790 duas

411 3823 515 3900 acies,
542 3824 644 3888 tertia
670 3841 751 3887 vero
778 3825 871 3904 regis
897 3831 971 3886 erat
990 3824 1215 3906 permaxima.
1269 3824 1360 3889 Con-

472 4047 615 4112 ‘namque,’
634 4051 709 4101 MSS.
722 4049 787 4101 Ooll.
799 4052 870 4101 Arm.
897 4066 944 4099 son
963 4050 992 4098 ol'
1009 4051 1129 4112 Ranulph
1151 4051 1184 4099 de
1206 4051 1364 4114 Meschines,

326 4171 327 4175 ,
409 4121 460 4170 end
469 4121 605 4172 Ceteris.
897 4121 1039 4170 succeeded
1069 4125 1095 4169 to
1123 4120 1165 4168 the
1198 4121 1310 4170 esrldom
1337 4123 1368 4171 ol

898 4191 1003 4240 chester
1014 4191 1040 4238 in
1052 4193 1125 4238 1128.

442 4257 736 4323 'Ralpnsumamedde
746 4260 871 4323 Gemons,
933 4257 943 4286 ³
961 4259 1075 4308 Omitted
1086 4261 1112 4308 in
1125 4260 1182 4310 MS.
1195 4258 1261 4309 Ooll.
1273 4260 1346 4310 Arm.
