3134 4990
280 696 373 737 utetur
383 696 401 735 1.

279 748 305 785 Δ.
313 747 338 785 D.
350 748 406 786 1194.

268 803 418 812 —n———nu

264 829 328 875 John,
338 829 405 868 Aah·

264 878 370 928 blahopot

264 929 342 978 hyons.

424 504 491 572 208
792 519 1002 569 onnonroon

427 678 669 762 Lugdunensis
694 677 984 758 archiepiscopus,
1000 675 1061 757 qui
1076 682 1157 738 tunc
1175 674 1374 738 Londonias

428 787 590 855 venerat3
614 787 650 842 et
665 776 747 840 dum
770 777 859 840 inter
882 775 1049 858 quosdam
1071 775 1164 838 viros
1187 775 1374 838 honoratos

428 879 594 942 existeret
615 878 674 959 qui
698 877 740 939 de
764 877 894 959 proprii
918 875 1081 958 principis
1101 875 1228 937 duritia
1253 893 1373 957 quere-

429 987 559 1054 rentur,
584 983 606 1011 “
621 976 775 1051 Nolite,''
792 976 914 1057 inquit,
939 973 1022 1037 “sic
1048 974 1156 1053 loqui,
1184 974 1261 1037 dico
1283 975 1373 1036 enim

429 1079 528 1140 vobis
567 1077 659 1159 quod
691 1095 752 1138 rex
784 1083 898 1139 vester
926 1075 962 1136 in
994 1075 1251 1155 comparatione
1282 1073 1373 1152 regis

356 1187 365 1198 “
384 1208 390 1218 ·
430 1177 641 1241 Francorum
651 1176 818 1238 heremita
826 1174 915 1238 est.”
932 1173 1158 1238 Cur-rentibus
1167 1173 1274 1253 igitur
1284 1173 1374 1234 inter

265 1400 361 1440 Touma-

265 1453 337 1490 ments
346 1446 417 1488 revir-

267 1500 293 1539 00
302 1501 325 1540 10
334 1500 390 1549 Eng-

266 1550 324 1590 land.

427 1295 527 1357 reges
543 1275 697 1355 induciis
716 1293 887 1338 armorum
905 1272 1070 1336 exercitia
1085 1293 1163 1354 quse
1178 1272 1284 1353 vulgo
1302 1265 1373 1334 tor-

428 1383 611 1438 neamenta
627 1375 786 1438 dicuntur
800 1374 836 1436 in
852 1370 981 1454 Anglia
995 1372 1161 1435 celebrari
1176 1379 1373 1453 coeperunt3

428 1493 510 1554 rege
533 1474 567 1536 id
595 1473 798 1539 decernente
825 1492 895 1536 non
921 1473 1038 1535 odiose
1061 1471 1201 1553 quidem
1227 1471 1289 1534 sed
1312 1488 1374 1552 pro

427 1573 503 1636 solo
535 1573 699 1637 exercitio
731 1580 837 1653 atque
866 1572 1098 1634 ostentatione
1130 1570 1267 1634 virium.
1329 1569 1375 1632 Et

428 1671 503 1735 haec
536 1671 747 1735 concertatio
780 1670 940 1734 militaris
973 1688 1149 1750 nunquam
1179 1671 1215 1731 in
1244 1667 1376 1749 Anglia

428 1771 534 1835 fuisse
564 1771 730 1847 noscitur,
760 1770 826 1832 nisi
858 1769 895 1832 in
926 1769 1044 1832 diebus
1075 1768 1166 1849 regis
1195 1768 1375 1850 Stephani,

428 1870 640 1952 temporibus
656 1888 792 1951 quoque
810 1868 957 1932 Henrici
971 1867 1113 1930 secundi
1126 1867 1185 1949 qui
1198 1867 1375 1950 Stephano

429 1971 596 2033 successit
611 1977 772 2051 tyronum
787 1967 961 2031 exercitiis
979 1965 1066 2029 ‘in'¹
1087 1964 1218 2047 Anglia
1231 1985 1374 2050 prorsus
1476 1983 1477 1992 ¹

430 2069 596 2144 inhibitis,
628 2068 679 2132 illi
711 2069 772 2150 qui
802 2085 976 2130 armorum
1010 2065 1154 2146 gloriam
1188 2067 1375 2149 cupiebant

430 2168 711 2244 transfretabant,
725 2175 765 2231 ut
786 2167 822 2229 in
840 2166 995 2230 confiniis
1018 2165 1079 2228 illa
1096 2165 1219 2228 saltem
1236 2184 1375 2229 exerce·

430 2275 518 2330 rent.
564 2266 795 2330 considerans
817 2265 924 2346 igitur
950 2265 1094 2328 illustris
1117 2284 1178 2327 rex
1202 2264 1375 2328 Ricardus

431 2364 553 2429 Gallos
579 2365 615 2428 in
637 2365 853 2428 conflictibus
869 2373 968 2428 tanto
984 2383 1058 2427 esse
1075 2364 1223 2428 acriores
1245 2372 1376 2446 quanto

432 2465 703 2541 exercitatiores,
716 2465 770 2528 sui
784 2483 920 2544 quoque
931 2463 1029 2545 regni
1041 2463 1167 2527 milites
1178 2463 1213 2526 in
1228 2465 1376 2545 propriis

432 2563 556 2627 finibus
579 2583 739 2628 exercere
770 2562 894 2640 voluit,
925 2571 965 2626 ut
999 2583 1043 2626 ex
1061 2570 1375 2627 torneamentorum

432 2664 575 2728 solemni
610 2663 778 2747 praeludio
814 2669 923 2725 artem
962 2661 1179 2732 addiscerent
1208 2681 1376 2744 usumque

432 2763 610 2826 bellorum.
665 2763 711 2828 Et
739 2763 821 2825 licet
848 2761 1044 2844 hujusmodi
1082 2769 1321 2825 torneamenta
1341 2763 1377 2824 in

432 2862 542 2925 tribus
553 2860 706 2925 conciliis
717 2880 739 2923 a
752 2860 921 2925 Romanis
932 2859 1152 2942 pontificibus
1162 2859 1378 2937 innocentio,

433 2961 600 3042 Eugenio,
632 2968 668 3024 et
701 2958 902 3024 Alexandro
937 2959 1010 3022 fieri
1046 2958 1319 3040 prohibeantur,2
1340 2961 1377 3022 in

432 3060 557 3140 quibus
589 3066 717 3123 mortes
746 3058 921 3123 hominum
946 3065 982 3122 et
1006 3059 1159 3141 pericula
1187 3060 1378 3122 animarum

431 3179 525 3241 saepe
548 3159 768 3241 proveniunt,
785 3177 864 3221 cum
881 3159 1072 3241 adjectione
1094 3177 1208 3240 poenae
1234 3177 1379 3240 sequen-

432 3261 498 3333 tis;
525 3259 653 3340 quiesi
670 3260 747 3339 quis
772 3259 897 3321 ibidem
917 3264 1073 3320 mortuns
1088 3256 1202 3332 fuerit,
1220 3257 1379 3338 quamvis

430 3359 462 3420 ei
478 3359 633 3439 poscenti
648 3377 716 3421 non
733 3367 878 3438 negetur
895 3355 1108 3440 poenitentia,
1126 3363 1243 3418 tamen
1260 3355 1378 3419 Chris-

430 3457 526 3520 tiana
540 3464 659 3520 careat
680 3457 868 3540 sepultura.
922 3455 1054 3548 Milites
1069 3462 1185 3518 tamen
1206 3455 1380 3518 ferventes

469 3656 475 3684 ¹
493 3655 607 3702 Omitted
619 3657 646 3702 in
656 3654 714 3703 MS.
726 3654 793 3704 Goll.
804 3655 876 3705 Arm.
908 3649 910 3668 '
922 3656 1095 3704 considerable
1118 3669 1207 3704 source
1220 3655 1249 3703 01
1261 3670 1382 3706 ravenue.

907 3695 910 3774 l
922 3725 963 3785 By
974 3739 990 3773 a
1001 3725 1074 3787 briei,
1083 3725 1161 3774 dated
1173 3725 1242 3787 Aug.
1253 3729 1295 3786 22,
1308 3729 1382 3788 1194,

465 3789 517 3838 Ἀ
534 3791 599 3839 later
614 3791 749 3840 inhibition
765 3792 827 3840 than
844 3807 894 3854 any
920 3794 952 3842 he
980 3795 1083 3844 informs
1107 3795 1150 3843 the
1172 3794 1333 3855 Arohbishop
1355 3795 1385 3856 oi

430 3861 460 3908 oi
474 3861 545 3910 these
563 3875 618 3910 was
640 3861 695 3909 that
716 3861 746 3909 01
765 3861 893 3912 Gelestine
920 3863 1078 3926 Canterhury
1092 3863 1122 3911 01
1135 3877 1151 3912 0
1166 3865 1262 3912 1100000
1279 3864 1311 3912 he
1330 3865 1382 3913 had

431 3930 497 3994 111,
507 3930 576 3991 who,
586 3931 613 3978 in
623 3934 697 3993 llas,
708 3931 789 3980 under
796 3932 857 3992 pain
868 3932 897 3980 ol
920 3933 1025 3994 granted
1039 3933 1078 3981 ior
1092 3928 1196 3995 holding
1210 3938 1382 3983 toumaments

431 3999 617 4050 ecclesiastica]
645 4014 761 4060 censure,
788 4001 893 4050 forbade
905 3982 908 4040 l
919 4003 946 4049 iu
964 4003 1012 4050 five
1028 4002 1145 4050 different
1161 4003 1248 4064 places
1259 4003 1382 4065 through-

431 4085 482 4132 any
498 4076 672 4120 toumaments
688 4075 714 4119 to
737 4073 769 4119 he
786 4071 845 4119 held
867 4073 894 4119 in
919 4075 964 4119 out
986 4072 1115 4133 England,
1133 4087 1166 4120 00
1189 4072 1231 4120 the
1245 4072 1383 4122 'condition

431 4141 558 4202 England.
596 4141 666 4202 King
677 4140 799 4203 Richard,
809 4155 840 4191 on
852 4141 892 4189 his
920 4141 974 4189 thet
997 4155 1074 4202 every
1091 4142 1144 4189 earl
1166 4145 1267 4202 present
1289 4141 1383 4190 should

430 4214 518 4258 return
547 4209 611 4257 from
639 4210 682 4258 the
711 4210 782 4272 Holy
810 4211 892 4272 Land,
918 4223 971 4271 pay
983 4214 1008 4258 to
1028 4211 1071 4260 the
1091 4211 1162 4278 lling
1178 4215 1275 4272 twenty
1286 4211 1384 4274 marks,

430 4278 521 4326 turned
545 4278 595 4326 this
617 4279 686 4327 edict
712 4279 765 4327 into
792 4294 809 4328 a
831 4293 892 4341 very
920 4294 997 4341 every
1008 4279 1305 4342 baronten,undsoon.
