3122 4982
407 505 577 556 wanrnnr
602 505 649 552 nn
671 505 957 554 unnrucnunou.
1086 487 1152 555 203

197 665 311 731 doniis
325 665 432 742 facta,
456 661 673 745 Notingham
687 661 834 728 festinus
849 664 1044 731 contendit:
1065 665 1151 730 illud
1175 679 1302 774 iiiiii

199 767 290 830 enim
313 772 465 830 castrum
479 783 552 846 ¹per
574 762 744 845 quosdam
769 761 1004 828 ‘Johannis’1
1033 765 1151 830 fratris
1164 756 1306 858 ὦ(

201 866 256 932 sui
274 866 450 930 ministros
466 869 608 927 ‘contra
624 860 779 944 regern'⁹
793 865 987 929 tenebatur.
1019 864 1152 930 Verum
1164 869 1193 958 gf·
1193 865 1295 956 2⁰13*

202 984 281 1030 cum
306 983 382 1042 rex,
398 963 459 1046 qui
474 983 496 1028 a
512 961 693 1027 malevolis
708 981 883 1044 nunquam
899 963 1074 1029 rediturus
1086 985 1151 1048 pu·
1164 965 1311 1058 {Jgffl'ff

202 1066 356 1142 tabatur‚
387 1063 589 1146 repentinas
619 1061 767 1139 adesset,
792 1063 843 1126 ita
868 1063 1041 1144 perstricti
1071 1072 1154 1130 sunt

203 1181 323 1229 omnes
339 1163 450 1246 quiin
468 1161 656 1226 munitione
678 1168 789 1237 erant,
804 1170 840 1226 et
857 1162 980 1226 animis
1002 1170 1155 1228 conster-

203 1264 287 1340 nati,
304 1269 346 1327 ut
374 1263 466 1328 sicut
486 1261 563 1326 fluit
587 1279 668 1324 cera
690 1280 713 1324 a
734 1259 823 1325 facie
848 1261 941 1344 ignis
962 1262 1014 1327 sic
1036 1282 1154 1327 eorum

203 1364 315 1429 omnis
330 1362 458 1426 fiducia
479 1381 502 1425 a
522 1360 611 1424 facie
626 1361 726 1443 quasi
742 1361 894 1443 gigantis
910 1363 1024 1427 subito
1047 1381 1154 1445 appa-

111 1447 117 1460 ⁰
203 1463 311 1532 sentis
345 1462 573 1545 liquesceret:
607 1479 756 1543 cumque
783 1461 876 1543 apud
906 1461 1154 1527 ferocissimum

204 1561 393 1645 principem
403 1561 583 1625 honestam
595 1580 664 1624 non
676 1567 819 1643 possent
829 1561 977 1642 gratiam
989 1563 1154 1639 invenire,

204 1662 382 1744 resignato
398 1667 513 1726 castro
541 1679 620 1723 cum
641 1659 735 1724 omni
762 1668 938 1725 armatura
963 1663 1155 1727 misericor-

207 1763 273 1826 diae
289 1761 396 1843 regiae
411 1757 502 1824 ‘et’³
518 1759 659 1823 incertae
681 1778 829 1841 corpora
845 1779 910 1824 sua
931 1761 1157 1825 tradiderunt.

207 1861 307 1926 Idem
324 1861 438 1924 foedus
453 1866 488 1924 et
503 1859 563 1923 alii
576 1858 637 1941 qui
650 1867 802 1923 castrum
818 1858 862 1922 de
883 1858 1016 1923 ‘likhill
1037 1868 1159 1926 contra

207 1980 323 2042 regem
341 1966 525 2024 tennerunt
539 1958 778 2039 implorantes,
798 1959 904 2040 regiae
931 1966 1065 2024 tontum
1088 1959 1159 2024 cle·

206 2061 346 2126 mentiae
360 2079 399 2124 se
414 2059 656 2124 submiserunt.

302 2279 510 2365 Atjadr'ccer‘t
527 2281 596 2344 Res
609 2279 762 2345 Fratrem
778 2299 868 2345 erana
881 2278 1064 2344 Jotceeem.

262 2430 347 2493 Istis
369 2447 453 2510 ergo
470 2428 594 2494 castris
620 2428 670 2493 sic
687 2429 867 2511 possessis,
893 2429 1071 2494 confestim
1095 2427 1158 2494 Jo-

210 2529 318 2594 hanni
342 2529 442 2592 fratri
464 2548 540 2606 suo,
567 2529 627 2610 qui
650 2535 771 2592 contra
787 2547 825 2591 se
842 2548 972 2593 cornua
988 2535 1159 2604 erexerat,

212 2631 256 2695 ob
268 2648 440 2694 enormem
455 2629 594 2711 culpam
606 2627 865 2710 ingratitudinis
878 2635 984 2711 atque
996 2627 1160 2712 perfidiae,

212 2749 312 2794 omne
338 2726 449 2812 ‘jus'
484 2729 668 2811 pristinum
699 2736 734 2793 et
761 2727 925 2792 honorem
956 2729 1161 2811 impensum,

211 2849 394 2911 procerum
422 2847 566 2892 suorum
588 2826 734 2892 solemni
755 2826 901 2911 judicio,
923 2827 1159 2913 abjudicavit3

214 2937 248 2994 et
257 2931 328 2994 cito
344 2923 474 3012 ‘post’⁴
491 2927 603 2992 omnis
618 2936 734 2991 motus
749 2926 884 2992 hostilis
896 2929 932 2993 in
943 2927 1162 3011 Angliecon·

214 3029 357 3111 quievit.
409 3027 491 3104 Ηίε,
515 3027 592 3091 Deo
615 3027 775 3110 propitio,
792 3027 938 3092 feliciter
958 3029 1078 3110 gestis,
1100 3045 1163 3090 rex

214 3127 465 3192 solemnitatem
492 3124 697 3190 Paschalcm
720 3127 935 3208 Hamptonae
957 3146 1037 3190 cum
1053 3126 1164 3189 multa

133 3261 136 3266 ·
214 3228 338 3291 laetitia
363 3225 562 3302 celebravit,
589 3233 624 3290 et
653 3227 690 3289 in
722 3226 855 3290 octavis
886 3224 1032 3289 Paschae
1064 3224 1314 3305 Win-fflnw.

214 3327 320 3392 toniae
342 3323 497 3407 ‘regni’³
519 3324 713 3389 diademate
734 3324 900 3407 fulgidus,
925 3322 1062 3388 detersa
1084 3307 1318 3406 cap-{iffiffl

1176 3413 1216 3454 ter,
1225 3407 1319 3456 sunder,

164 3455 170 3464 «
215 3425 363 3492 tivitatis
377 3424 580 3507 ignominia,
595 3425 697 3508 quasi
712 3445 776 3488 rex
792 3443 904 3489 novus
918 3418 1107 3507 apparuit.l
1177 3457 1238 3508 „m
1247 3455 1278 3496 1⁷.

254 3636 405 3719 eonem
421 3635 561 3722 Itonaeos
575 3635 747 3712 ordinarit,
762 3647 790 3702 et
804 3635 914 3702 Locos
931 3637 1140 3702 Oisterer'ceeer

221 3749 223 3756 ’
648 3737 738 3820 cepta

269 3885 350 3949 Rex
366 3884 474 3967 igitur
487 3891 569 3968 post
584 3885 654 3948 ista
668 3903 835 3968 prospera
855 3886 1034 3968 paululum
1051 3885 1170 3950 demo·

217 3991 326 4062 ratus,
348 3985 450 4067 quasi
473 4003 537 4048 rex
565 3984 608 4048 de
634 4002 725 4048 novo
755 3983 880 4059 sactus,
907 3985 1048 4064 negotia
1073 3985 1171 4064 regia

255 4152 262 4182 ¹
279 4153 406 4214 Supplied
416 4153 481 4201 from
493 4152 550 4202 MS.
562 4151 656 4201 Lansd.
745 4145 755 4175 ⁴
774 4149 889 4199 Omitted
901 4150 927 4198 in
939 4150 995 4200 MS.
1008 4149 1074 4200 0011.
1085 4151 1157 4202 Arm.

253 4220 432 4274 ’Omittedin
444 4221 501 4271 MS.
519 4221 586 4271 Gott.
597 4222 655 4272 Tib.
740 4215 804 4267 ‘At
815 4220 1108 4284 drisceremony,which
1115 4237 1171 4272 was

253 4289 264 4320 ⁸
280 4291 396 4343 Omitted
408 4293 435 4340 in
447 4291 504 4342 MS.
516 4292 611 4342 Lnnsd.
709 4288 851 4349 performed
870 4292 895 4340 in
914 4290 956 4340 the
976 4291 1070 4341 church
1090 4292 1119 4341 oi
1133 4292 1169 4342 St.
