3132 4988
400 474 571 522 winrnnr
595 476 643 523 nn
665 475 948 525 unurncnuncn.
1083 459 1149 527 109

193 631 346 696 evadere
358 639 558 714 potuerunt.
604 632 714 698 Era'nt
731 633 848 698 autem
865 633 902 696 in
917 633 977 698 illo
991 635 1147 700 exercitu
1172 663 1247 715 usn
1258 661 1289 704 u.

195 730 266 796 duo
286 732 426 808 fratres,
442 730 623 797 Gilbertus
645 732 775 797 scilicet
798 739 833 797 et
853 733 1041 811 Uthredus,
1065 733 1149 799 Gal·
1163 713 1313 779 Q

195 831 368 895 wadensis
384 831 573 914 provinciae
589 831 731 908 domiui,
745 831 836 896 inter
853 851 940 914 quos
960 838 1040 915 post
1056 853 1149 897 mor·

195 935 267 994 iem
288 933 399 1013 patris
421 950 540 994 eorum
562 949 625 995 rex
648 930 774 995 Seotiae
802 931 1038 996 haereditatem
1063 932 1268 1021 divi-,mm

197 1036 313 1104 seram
333 1050 454 1100 verum
468 1029 661 1105 Gilhertus,
676 1040 761 1095 natu
776 1031 899 1113 maj0r,
916 1031 1052 1113 paterni
1060 1031 1153 1114 juris
1163 1029 1298 1122 ww
1373 1039 1376 1046 ‘

197 1128 395 1210 integritate
415 1130 611 1194 fraudatum
635 1149 673 1194 se
695 1129 828 1207 dolens,
852 1131 991 1194 fratrem
1017 1149 1153 1212 semper

197 1228 235 1292 in
253 1229 356 1292 corde
379 1249 444 1294 suo
462 1229 595 1306 oderat,
620 1248 698 1293 cunr
717 1237 833 1293 tamen
852 1230 1011 1314 concepti
1027 1229 1153 1294 furoris

200 1328 367 1409 impeturn
392 1336 505 1393 metus
531 1330 648 1411 regius
674 1329 870 1396 cohiberet:
900 1337 1005 1412 capto
1036 1338 1154 1394 eutem

201 1447 284 1508 rege
307 1429 474 1493 liberatus
490 1428 555 1492 hoc
574 1437 670 1493 metu
693 1447 775 1492 mox
800 1429 899 1493 fratri
920 1429 1005 1493 nihil
1021 1429 1154 1494 verenti

201 1547 325 1592 manus
340 1528 471 1612 injecit,
486 1535 522 1592 et
544 1548 611 1592 non
627 1528 776 1610 simplici
791 1547 875 1592 nece
890 1529 951 1593 sed
968 1528 1155 1594 execrabili

198 1623 283 1692 ¹odio
298 1629 535 1694 excruciatum
544 1629 651 1696 variis
666 1628 845 1711 suppliciis
860 1629 1045 1706 interemit,
1062 1629 1156 1692 illico

203 1728 289 1796 fines
311 1727 482 1792 fraternos
501 1728 680 1804 invadens,
698 1735 733 1791 et
753 1729 910 1792 barbaris
933 1729 967 1792 in
990 1730 1157 1793 barbaros

204 1828 441 1904 saevientibus,
463 1847 532 1891 non
554 1828 689 1892 modica
708 1827 883 1892 homiuum
905 1835 1040 1910 strages
1065 1828 1158 1892 facta

204 1933 271 1990 est.
332 1927 420 1991 Erat
457 1933 572 1991 autern
607 1927 706 1992 fratri
740 1927 921 1992 interfecto
952 1927 1043 1989 iilius
1079 1945 1159 1990 acer
1261 1985 1264 1996 ,

192 2025 388 2116 ¹Rolandus
410 2027 560 2100 nomine,
577 2027 637 2109 qui
660 2027 779 2090 amicis
803 2026 957 2109 paternis
972 2044 1160 2107 cooperan-

205 2126 300 2190 tibus
322 2125 550 2191 debacchanti
572 2133 697 2208 patruo
722 2145 786 2208 pro
808 2126 940 2189 viribus
963 2125 1158 2189 resistebat.

207 2225 364 2308 Eratque
396 2232 506 2290 totum
534 2245 679 2307 regnum
711 2225 836 2289 Scotiae
868 2225 1059 2302 turbatum,
1083 2225 1161 2288 Deo

207 2325 403 2406 aequissime
427 2325 643 2407 disponente,
666 2334 772 2408 atque
799 2345 841 2389 ea
868 2343 1029 2388 mensura
1052 2343 1159 2388 reme-

207 2425 314 2490 tiente
338 2425 503 2508 improbis
526 2445 596 2507 qua
620 2426 688 2508 ipsi
708 2426 820 2488 mensi
839 2425 978 2489 suerent
996 2425 1159 2498 innoxiis,

207 2525 333 2606 utqui
359 2525 465 2608 paulo
491 2533 572 2590 ante
597 2523 792 2606 Anglorum
822 2525 974 2606 quietem
996 2525 1159 2588 turbave-

208 2632 300 2700 rant,
322 2631 359 2688 et
381 2644 498 2688 eorum
522 2625 728 2705 sanguinem
750 2624 919 2700 sitierant,
942 2623 1061 2707 ordine
1084 2624 1160 2706 pul·

208 2723 379 2792 cherrimo
394 2743 416 2788 a
432 2724 554 2806 seipsis
570 2725 761 2806 reciperent
776 2724 950 2788 talionem.

482 2922 551 2986 lieo
569 2921 778 2986 oaoroartam
793 2922 885 2986 cauit.

256 3070 339 3134 Rex
369 3078 485 3134 autem
512 3069 686 3134 Henricus
708 3070 890 3147 secundus
913 3078 952 3138 ut
980 3069 1161 3152 praefatum

213 3177 277 3247 est,
297 3169 461 3252 Angliam
481 3171 669 3252 ingressus,
695 3170 895 3234 recordatus
918 3176 971 3234 est
997 3176 1164 3252 quantum

212 3270 249 3334 in
276 3269 455 3334 ecclesiam
478 3268 762 3336 cantuariensem
785 3269 998 3351 deliquisset,
1021 3266 1164 3330 eandem,

213 3385 296 3433 mox
320 3366 413 3432 ‘ut’¹
440 3369 618 3451 applicuit,
642 3369 775 3432 concite
801 3367 897 3443 adiit,
918 3377 953 3430 et
980 3365 1023 3429 ad
1048 3364 1163 3446 sepul·
1177 3414 1291 3464 ,nemag

214 3488 310 3532 crum
350 3468 444 3531 beati
480 3467 623 3532 Thomae
660 3467 810 3549 profusis
844 3465 943 3529 vultu
979 3464 1164 3547 lachrymis
1177 3467 1330 3555 2333033133

215 3567 405 3650 capitulum
431 3560 677 3631 monachorum
703 3568 878 3648 ingressus
902 3566 1050 3649 propriae
1079 3564 1293 3646 peti-⁰¹¹³&-

215 3668 317 3731 tionis
340 3666 518 3743 instantia,
542 3685 563 3730 a
586 3667 720 3730 cunctis
742 3685 804 3748 per
826 3666 979 3731 ordinem
1001 3666 1166 3730 iratribus

215 3767 322 3848 virgis
359 3774 411 3828 est
444 3766 497 3828 vir
535 3772 653 3829 tantus
689 3765 914 3847 corporaliter
948 3761 1170 3848 castigatus?

250 3959 258 3988 ¹
270 3963 278 3989 ⁶
289 3959 365 4017 vero,’
378 3958 435 4006 MS.
447 3957 515 4007 Coll.
525 3958 600 4006 Arm.
706 3961 787 4020 sione,
798 3958 861 4006 with
874 3971 890 4006 a
901 3973 951 4018 cup
963 3971 1089 4019 eugraven
1102 3971 1134 4004 on
1151 3958 1171 4004 it

250 4028 456 4090 ’Thellinghud
463 4027 548 4077 heiore
556 4028 608 4076 this
617 4027 681 4075 done
707 4027 760 4075 still
781 4027 868 4075 marks
885 4025 928 4074 the
947 4032 1004 4086 spot
1021 4024 1114 4084 where,
1131 4039 1172 4072 ac-

215 4114 328 4163 penance
357 4099 397 4147 ior
426 4097 470 4145 the
497 4096 681 4158 Arehbishop's
707 4096 813 4156 cording
829 4100 855 4143 to
868 4094 996 4154 tradition,
1012 4093 1054 4141 the
1071 4093 1173 4141 humili-

216 4169 318 4220 umrder
334 4169 361 4216 iu
380 4167 421 4216 the
440 4166 570 4215 cathedral
584 4167 613 4215 of
629 4167 682 4214 Ar·
708 4166 778 4227 ating
795 4177 927 4224 ceremony
945 4176 1000 4212 was
1023 4162 1173 4224 performed.

215 4238 367 4300 ronches,in
376 4236 538 4296 Normandy3
556 4237 683 4285 audehat
708 4228 849 4284 Stothard’s
860 4233 929 4280 Tour
939 4233 966 4281 in
978 4233 1001 4281 N
1004 4232 1134 4294 ormaudy.
