3134 4990
381 504 553 552 weuram
581 505 628 550 nn
656 505 938 552 nnurnoaoncn.
1069 490 1135 553 179

177 679 282 742 qnam
306 661 453 724 tuendos
476 670 687 742 susceperat.
742 661 900 743 Denique
925 670 1005 743 post
1027 682 1129 728 unam
1156 673 1287 763 {033539113

179 766 314 822 noctem
336 777 496 840 egressus
518 759 563 822 ad
583 758 607 823 J
609 759 779 823 ohannem
799 766 833 824 et
848 763 1047 825 obsessores
1062 781 1129 826 cae-
1143 775 1294 788 “·“··””

181 866 285 933 tenos,
302 858 372 933 ille,
391 857 496 939 paulo
511 866 591 921 ante
607 858 804 922 rhinoceros
832 859 890 922 sed
913 860 989 943 jam
1015 860 1130 936 homo,

180 955 300 1018 humili
331 954 484 1038 alloquio
514 957 664 1021 abeundi
697 957 897 1022 facultatem
933 959 1130 1039 impetravit

181 1053 343 1118 inclusis:
379 1055 453 1136 ipse
482 1073 622 1136 quoque
647 1075 727 1120 arce
758 1056 936 1136 resignata
959 1076 1037 1120 cnm
1062 1077 1129 1120 cae-
1143 1081 1276 1122 warenna

181 1151 276 1215 teris¹
299 1173 361 1234 per
377 1152 542 1233 Angliam
564 1153 812 1220 munitionibus
833 1155 950 1236 regiis,
972 1157 1130 1236 privatus
1143 1133 1284 1230 panea-

181 1256 216 1312 et
252 1249 421 1332 inglorius
457 1251 633 1315 Doveram
670 1253 714 1316 ad
745 1253 856 1317 virum
892 1255 1020 1318 sororis
1056 1273 1260 1318 suaenssraa

180 1350 342 1428 secessit3
379 1367 529 1431 eumque
556 1369 687 1414 moram
716 1349 854 1416 fecisset
874 1353 932 1416 ibi
965 1353 1131 1432 aliqum,
1143 1329 1220 1368 Dm

182 1447 416 1511 confusionem
434 1467 503 1511 non
521 1448 634 1514 ferens
657 1456 692 1512 et
714 1449 750 1512 in
771 1451 1009 1514 transmarinis
1024 1452 1129 1532 parti-

184 1548 249 1609 bus
265 1567 329 1628 pro
349 1547 480 1610 ultione
497 1548 637 1628 propria
658 1547 788 1628 aliquid
813 1548 995 1613 moliturus
1017 1557 1129 1613 trans-

182 1645 308 1708 fretare
323 1645 444 1722 voluit,
464 1646 622 1727 impediri
639 1654 753 1710 autem
776 1654 932 1712 metuens
953 1641 1030 1712 miri
1048 1667 1130 1713 acu-

182 1745 283 1807 minis
314 1764 384 1827 qna
408 1763 508 1808 omne
532 1745 813 1827 impedimentum
841 1746 995 1811 eluderet
1018 1754 1128 1812 artem

181 1843 324 1906 invenit.
385 1843 478 1907 Olim
506 1845 595 1908 euim
622 1844 737 1908 animo
763 1852 890 1910 exutus
916 1846 1128 1927 episcopum,
1142 1868 1252 1928 naeuus.

183 1961 273 2006 nunc
296 1961 433 2024 quoque
458 1949 493 2006 et
518 1943 637 2006 habitu
664 1962 807 2019 exuere,
830 1945 991 2008 membris
1013 1945 1128 2024 ponti·
1141 1918 1277 2006 inuiiffiina

179 2040 347 2116 finalibus,
366 2040 456 2123 quod
478 2061 500 2105 a
520 2041 647 2106 seculis
665 2062 733 2104 non
754 2053 830 2106 erat
851 2043 1020 2119 auditum,
1034 2062 1129 2106 more
1141 2027 1253 2056 ‘mm'

182 2140 455 2203 effeminatorum
469 2147 599 2204 vestem
618 2140 830 2223 ineptissime
851 2143 987 2223 aptavit
1008 2142 1127 2206 mulie·

182 2240 290 2314 brem,
321 2245 490 2320 caputet
521 2239 687 2322 majorem
724 2239 825 2304 faciei
867 2248 1001 2321 partem
1030 2241 1129 2305 velut

180 2337 330 2402 delicata
350 2337 552 2401 muliercula
572 2338 676 2420 peplo
690 2339 888 2414 obvolutus,
909 2340 1000 2402 inter
1021 2338 1129 2420 pluri-

180 2455 255 2499 mos
279 2435 523 2500 deambulabat
545 2437 580 2500 in
602 2437 731 2512 littore,
754 2445 793 2502 ut
812 2436 877 2500 hac
899 2445 974 2501 arte
996 2438 1130 2501 scilicet

179 2555 249 2598 non
278 2533 489 2614 observatus
516 2536 561 2598 ab
595 2535 711 2617 aliquo
737 2553 861 2600 navem
888 2551 966 2600 cum
993 2537 1128 2600 caeteris

178 2633 453 2697 transfretaturis
469 2635 600 2715 absque
614 2632 858 2715 impedimento
873 2635 1128 2698 conscenderet.

180 2731 311 2795 Verum
326 2752 348 2795 a
363 2731 513 2814 quodam
524 2733 614 2796 forte
630 2732 770 2814 agnitus
784 2731 1035 2815 proditusque,²
1052 2733 1127 2796 abs-
1140 2740 1290 2830 {¹3¹:2502'de‘l

180 2838 293 2894 tracto
323 2831 438 2912 peplo,
475 2839 638 2912 tanquam
675 2831 877 2896 manifestus
911 2831 1127 2896 effeminatus
1262 2817 1267 2835 ’

179 2929 405 3008 ignominiose
438 2931 653 3010 multumque
686 2930 966 3012 inepiscopaliter
996 2949 1018 2994 a
1046 2949 1127 2994 con-

179 3028 395 3092 currentibus
409 3028 673 3110 indisciplinatis
696 3036 749 3092 est
770 3029 941 3110 pulsatus.
993 3029 1127 3093 Dehinc

180 3127 400 3208 magistratui
416 3127 484 3191 loci
499 3127 674 3191 exhibitus
690 3137 918 3209 servatusque
933 3136 987 3191 est
1001 3146 1127 3208 quous-

179 3245 245 3306 que
277 3227 424 3290 sciretur
447 3227 530 3308 quid
558 3245 663 3307 snper
690 3225 754 3290 hoc
782 3225 1003 3290 decernerent
1028 3227 1127 3306 regni

179 3330 350 3405 potentes.
403 3324 426 3389 J
428 3324 580 3389 ohannes
596 3323 735 3406 quidem
752 3325 870 3406 agnito
889 3324 979 3406 quod
993 3324 1126 3388 accide-

178 3431 234 3487 rat
248 3423 364 3487 hostili
381 3424 497 3487 animo
518 3423 702 3501 exultavit,
726 3431 830 3506 atque
848 3422 977 3504 aliquid
995 3423 1030 3485 iu
1048 3441 1126 3486 eum

178 3540 248 3602 quo
285 3523 397 3602 magis
430 3522 716 3586 dehonestaretur
751 3522 884 3586 sancire
922 3521 1051 3600 voluit;
1090 3529 1126 3585 at

177 3639 261 3683 vero
276 3620 427 3702 episcopi
440 3621 537 3704 justo
553 3622 678 3685 rubore
692 3620 826 3684 confusi
841 3627 876 3684 et
896 3619 1016 3686 suffusi
1033 3621 1124 3702 qnod

177 3719 211 3780 iu
241 3738 391 3801 persona
417 3719 605 3801 episcopali
633 3727 703 3783 tam
729 3719 819 3782 foeda
845 3738 899 3782 res
931 3718 1125 3795 accidisset,

211 3886 218 3914 ¹
237 3889 292 3938 'Ibe
303 3887 446 3936 chancellor
461 3887 589 3936 delivered
601 3901 637 3947 up
700 3884 711 3914 ¹
727 3886 775 3934 See
791 3882 855 3948 Rog.
868 3885 900 3934 de
921 3885 1054 3946 Hoveden,
1066 3886 1124 3932 Rer.

174 3959 214 4006 his
220 3958 372 4006 brothersas
381 3956 638 4016 securitysorresign·
663 3954 731 4015 Ang.
746 3954 838 4014 Script,
855 3957 913 4014 ⁷⁰4,
923 3953 1008 4001 where
1021 3968 1037 4000 a
1047 3967 1127 4000 some-

175 4023 639 4089 ingtheroyalcastles,thoughhedid
664 4023 734 4070 what
744 4023 860 4071 different
875 4022 1029 4082 description
1040 4021 1069 4068 of
1083 4021 1126 4068 the

175 4101 218 4146 not
225 4096 291 4144 fnllil
303 4095 344 4143 the
352 4097 518 4156 engagement
527 4093 567 4140 tlll
576 4093 640 4142 aster
665 4091 818 4152 recognition
829 4090 858 4138 ol
872 4089 914 4137 the
934 4089 1085 4149 archbishop
1104 4090 1126 4138 is

175 4163 491 4216 hisdetentionatDover.
515 4161 639 4224 Rogerde
667 4161 749 4222 given.

177 4236 312 4296 Heroden,
318 4233 377 4282 lter.
389 4232 457 4292 Aug.
469 4231 561 4292 Script.
571 4235 627 4279 ⁷⁰4.
970 4299 986 4343 2

426 4306 428 4311 “
938 4308 951 4341 u
