3128 4992
421 465 466 528 60
789 477 999 526 cunomoou

271 655 393 745 iiiiii
422 636 604 719 praeferens
622 636 851 701 temeritatem
870 642 906 699 et
925 635 1011 698 rixae
1031 632 1143 714 magis
1163 652 1264 714 quam
1287 652 1378 714 pug-

256 732 408 770 ··'-·'·-·-
421 757 475 800 nae
507 738 630 819 aptior,
653 736 751 801 vobis
782 735 941 798 resistere
975 734 1080 796 immo
1109 740 1273 814 expetere
1299 732 1375 815 jam

421 843 576 900 conatur.
629 836 673 899 In
701 836 826 917 quibus
851 833 990 916 quidem
1016 833 1114 895 nulla
1142 833 1192 895 rei
1217 831 1375 895 militaris

420 932 629 1011 ‘scientia,'¹
651 934 708 997 vel
731 933 914 1017 proeliandi
936 932 1073 1014 peritia,
1097 931 1153 994 vel
1175 931 1375 996 moderandi

419 1035 534 1115 gratia
553 1033 735 1098 invenitur.
788 1032 917 1096 Nullus
937 1051 1021 1112 ergo
1039 1031 1179 1094 verendi
1198 1032 1294 1094 locus
1313 1031 1374 1118 sed

419 1135 535 1216 potius
552 1133 780 1208 verecundiae,
796 1131 889 1214 qnod
905 1131 941 1194 hi
957 1149 1045 1212 quos
1062 1149 1197 1212 semper
1210 1131 1246 1192 in
1262 1131 1375 1211 patria

419 1251 485 1296 sua
499 1234 684 1316 petivimus
699 1239 736 1296 et
746 1232 904 1308 vicimus,
919 1232 955 1293 in
969 1230 1117 1312 patriam
1134 1236 1287 1293 nostram
1299 1229 1373 1312 jam

419 1332 488 1395 ritu
517 1339 714 1396 transverso
730 1331 826 1395 velut
851 1331 1028 1394 dementes
1049 1336 1084 1392 et
1104 1330 1188 1392 ebrii
1211 1329 1372 1392 convola-

419 1436 509 1494 runt.
573 1431 690 1494 Unum
714 1431 812 1496 vobis
834 1450 900 1511 ego
924 1430 1051 1512 praesul
1074 1428 1255 1505 denuncio,
1280 1430 1373 1510 quod

420 1529 456 1594 hi
477 1525 575 1595 Scoti
596 1531 657 1611 qui
678 1531 715 1593 in
734 1529 799 1593 hac
819 1530 934 1613 patria
950 1529 1081 1611 templa
1103 1529 1171 1592 Dei
1188 1528 1372 1605 violarunt,
1432 1609 1434 1612 Ι

420 1628 545 1694 altaria
572 1636 808 1706 cruentarunt,
839 1630 1058 1712 presbyteros
1094 1629 1303 1704 occiderunt,
1337 1636 1373 1693 et

419 1731 543 1811 pueros
561 1736 599 1793 et
613 1736 832 1810 praegnantes
853 1734 1071 1811 peremerunt
1088 1727 1215 1808 gladio,
1231 1728 1371 1810 condig-

418 1847 482 1891 nas
511 1829 566 1892 sui
597 1827 759 1892 facinoris
790 1828 887 1893 luent
915 1847 1050 1910 poenae,
1080 1826 1115 1889 in
1144 1846 1207 1890 suo
1239 1827 1372 1908 flagitio

418 1937 635 1992 corruentes:
667 1927 759 2010 quod
794 1948 855 2011 per
884 1946 1006 1990 manus
1043 1933 1176 1990 vestras
1213 1934 1371 1990 strenuas

418 2026 519 2091 hodie
542 2027 696 2111 perficiet
717 2026 814 2092 Deus
838 2028 1064 2109 omnipotenti.
1116 2025 1266 2090 Attolite
1287 2047 1369 2108 ergo

417 2128 561 2204 animos,
585 2128 761 2210 elegantes
791 2128 867 2204 viri,
895 2134 931 2191 et
958 2127 1125 2190 adversus
1150 2125 1284 2191 hostem
1311 2147 1368 2190 ne-

418 2227 633 2308 quissimum,
657 2226 736 2290 freti
756 2228 883 2291 virtute
910 2227 1035 2308 patria,
1060 2225 1164 2289 immo
1193 2226 1260 2290 Dei
1281 2246 1369 2310 prae-

417 2327 541 2403 sentia,
556 2327 727 2408 exurgite.
781 2325 856 2390 Nec
870 2345 933 2391 vos
949 2332 1089 2390 moveat
1107 2325 1245 2389 iliorum
1262 2334 1367 2390 teme·

418 2425 503 2488 ritus
522 2445 661 2507 magna,
678 2445 756 2489 curn
775 2425 854 2490 illos
873 2445 942 2489 non
962 2425 1156 2490 deterreant
1178 2432 1230 2490 tot
1244 2436 1368 2490 vestrae

418 2524 556 2588 virtutis
581 2526 740 2607 insignia.
793 2525 852 2588 Illi
879 2526 1035 2589 nesciunt
1058 2525 1184 2588 armari
1206 2526 1241 2588 in
1267 2526 1368 2602 bello,

417 2632 613 2689 vosautem
637 2627 674 2688 in
695 2644 780 2707 pace
799 2625 899 2689 bellis
925 2625 1144 2701 exercemini,
1158 2632 1203 2712 ut⁵
1215 2632 1367 2706 postmo-

416 2723 498 2786 dum
523 2724 559 2788 in
591 2725 682 2788 bello
711 2744 812 2789 casus
839 2724 920 2789 belli
946 2725 1069 2789 dubios
1100 2744 1169 2788 non
1200 2725 1367 2789 sentiatis,

417 2822 565 2904 Tegitur
587 2825 685 2888 vobis
711 2833 816 2907 caput
838 2825 951 2906 galea,
974 2831 1095 2907 pectus
1117 2823 1235 2901 lorica,
1259 2825 1367 2888 ocreis

415 2941 527 2999 crura,
560 2930 739 3006 totumque
775 2944 901 3006 corpus
938 2931 1038 2988 scuto
1070 2930 1106 2988 et
1136 2943 1227 2987 ense.
1296 2919 1368 2990 Ubi

415 3021 517 3086 feriat
536 3042 605 3086 non
625 3024 757 3088 invenit
776 3023 897 3100 hostis,
923 3043 1025 3105 quem
1047 3024 1137 3088 ferro
1163 3023 1369 3106 circumsep-

416 3127 490 3184 tum
522 3121 669 3204 inspicit.
733 3123 809 3187 Nos
838 3143 921 3205 ergo
951 3124 1174 3205 procedentes
1204 3122 1368 3186 adversus

415 3220 562 3284 inermes
576 3229 612 3286 et
625 3221 747 3300 nudos,
762 3223 845 3305 quid
860 3222 1082 3288 dubitamus?
1106 3242 1151 3286 an
1166 3226 1366 3286 numerumi

417 3319 520 3385 Certe
542 3341 611 3386 non
631 3342 792 3386 numerus
814 3322 1012 3400 multorum,
1030 3321 1090 3386 sed
1110 3323 1220 3386 virtus
1240 3341 1369 3404 pauco-

416 3440 492 3484 rum
511 3420 639 3485 bellum
661 3423 819 3496 conficit;
845 3423 1028 3487 multitudo
1050 3423 1127 3504 ipsa
1147 3428 1199 3486 est
1216 3422 1368 3486 insolens

415 3521 552 3584 sibimet
572 3521 650 3602 ipsi,
673 3529 709 3586 et
732 3521 975 3603 impedimento
995 3523 1103 3586 estin
1128 3522 1300 3605 prosperis
1323 3523 1367 3586 ad

416 3619 609 3696 victoriam,
624 3627 659 3683 et
685 3621 720 3682 in
744 3621 898 3684 adversis
925 3622 970 3685 ad
995 3622 1125 3704 fugam.
1177 3620 1368 3703 Propterea

415 3718 566 3800 maj0res
595 3719 713 3796 vestri,
745 3727 781 3784 et
809 3721 911 3802 pauci
941 3721 1090 3803 quidem,
1116 3721 1244 3785 multos
1275 3740 1367 3805 saepe

415 3818 583 3880 vicerunt.
636 3817 729 3897 Quid
748 3839 830 3901 ergo
846 3819 979 3884 confert
994 3821 1091 3885 vobis
1112 3821 1224 3902 gloria
1243 3840 1367 3902 paren·

415 3917 518 3981 telaei
542 3917 624 3999 quid
647 3919 849 3983 exercitatio
866 3920 1051 3984 solemnis?
1078 3921 1161 4002 quid
1188 3920 1367 4001 disciplina

413 4017 601 4083 salutaris?
620 4019 687 4083 nisi
702 4019 831 4084 multos
840 4020 1020 4101 pauciores
1032 4021 1197 4094 vincatis3
1219 4020 1280 4083 sed
1290 4020 1365 4103 jam

674 4260 681 4292 ¹
700 4263 740 4310 ‘et
751 4263 874 4325 scientia,'
886 4263 942 4312 MS.
952 4263 1018 4314 0011.
1028 4263 1099 4314 Arm.
