<?xml version="1.0" encoding="UTF-8"?>
<!DOCTYPE html PUBLIC "-//W3C//DTD XHTML 1.0 Transitional//EN"
    "http://www.w3.org/TR/xhtml1/DTD/xhtml1-transitional.dtd">
<html xmlns="http://www.w3.org/1999/xhtml" xml:lang="en" lang="en">
 <head>
  <title>
</title>
<meta http-equiv="Content-Type" content="text/html;charset=utf-8" />
  <meta name='ocr-system' content='tesseract 3.04.00' />
  <meta name='ocr-capabilities' content='ocr_page ocr_carea ocr_par ocr_line ocrx_word'/>
</head>
<body>
  <div class='ocr_page' id='page_1' title='image "./chronicondomini01hamigoog_0134.png"; bbox 0 0 3116 4990; ppageno 0'>
   <div class='ocr_carea' id='block_1_1' title="bbox 405 465 988 533">
    <p class='ocr_par' dir='ltr' id='par_1_1' title="bbox 405 465 988 533">
     <span class='ocr_line' id='line_1_1' title="bbox 405 465 988 533; baseline -0.012 -1"><span class='ocrx_word' id='word_1_1' title='bbox 405 465 471 533; x_wconf 79' lang='lat'>112</span> <span class='ocrx_word' id='word_1_2' title='bbox 564 473 568 480; x_wconf 88' lang='grc'><strong>’</strong></span> <span class='ocrx_word' id='word_1_3' title='bbox 776 477 988 526; x_wconf 79' lang='lat' dir='ltr'>cunourcou</span> 
     </span>
    </p>
   </div>
   <div class='ocr_carea' id='block_1_2' title="bbox 242 635 1361 2413">
    <p class='ocr_par' dir='ltr' id='par_1_2' title="bbox 242 635 1361 1217">
     <span class='ocr_line' id='line_1_2' title="bbox 260 635 1359 721; baseline 0.001 -22"><span class='ocrx_word' id='word_1_4' title='bbox 260 659 375 709; x_wconf 62' lang='lat' dir='ltr'>nanu</span> <span class='ocrx_word' id='word_1_5' title='bbox 405 639 515 704; x_wconf 85' lang='lat' dir='ltr'>festus</span> <span class='ocrx_word' id='word_1_6' title='bbox 543 638 651 704; x_wconf 83' lang='lat' dir='ltr'>affuit.</span> <span class='ocrx_word' id='word_1_7' title='bbox 704 638 784 702; x_wconf 87' lang='lat' dir='ltr'>Rex</span> <span class='ocrx_word' id='word_1_8' title='bbox 809 645 926 703; x_wconf 87' lang='lat' dir='ltr'>autem</span> <span class='ocrx_word' id='word_1_9' title='bbox 952 639 1166 702; x_wconf 78' lang='lat' dir='ltr'>Francorum</span> <span class='ocrx_word' id='word_1_10' title='bbox 1185 657 1249 720; x_wconf 92' lang='lat' dir='ltr'>pro</span> <span class='ocrx_word' id='word_1_11' title='bbox 1265 635 1359 721; x_wconf 88' lang='lat' dir='ltr'>ejus·</span> 
     </span>
     <span class='ocr_line' id='line_1_3' title="bbox 242 711 1361 823; baseline -0.002 -21"><span class='ocrx_word' id='word_1_12' title='bbox 242 711 394 780; x_wconf 64' lang='lat' dir='ltr'><em>Q</em></span> <span class='ocrx_word' id='word_1_13' title='bbox 405 739 483 804; x_wconf 89' lang='lat' dir='ltr'>dem</span> <span class='ocrx_word' id='word_1_14' title='bbox 497 738 661 823; x_wconf 84' lang='lat' dir='ltr'>martyris</span> <span class='ocrx_word' id='word_1_15' title='bbox 671 731 876 815; x_wconf 84' lang='lat' dir='ltr'>reverentia,</span> <span class='ocrx_word' id='word_1_16' title='bbox 888 759 990 822; x_wconf 87' lang='lat' dir='ltr'>quem</span> <span class='ocrx_word' id='word_1_17' title='bbox 1006 738 1203 820; x_wconf 84' lang='lat' dir='ltr'>specialiter</span> <span class='ocrx_word' id='word_1_18' title='bbox 1216 757 1361 802; x_wconf 90' lang='lat' dir='ltr'>consue-</span> 
     </span>
     <span class='ocr_line' id='line_1_4' title="bbox 263 837 1358 943; baseline -0.003 -40"><span class='ocrx_word' id='word_1_19' title='bbox 263 904 297 943; x_wconf 34' lang='grc' dir='ltr'>Μ,</span> <span class='ocrx_word' id='word_1_20' title='bbox 333 871 353 930; x_wconf 57' lang='lat' dir='ltr'><em>g</em></span> <span class='ocrx_word' id='word_1_21' title='bbox 405 847 505 903; x_wconf 87' lang='lat' dir='ltr'>verat</span> <span class='ocrx_word' id='word_1_22' title='bbox 520 839 689 915; x_wconf 84' lang='lat' dir='ltr'>venerari,</span> <span class='ocrx_word' id='word_1_23' title='bbox 707 839 858 922; x_wconf 84' lang='lat' dir='ltr'><strong>requiem</strong></span> <span class='ocrx_word' id='word_1_24' title='bbox 875 838 951 920; x_wconf 90' lang='lat' dir='ltr'>ipso</span> <span class='ocrx_word' id='word_1_25' title='bbox 967 838 1024 901; x_wconf 90' lang='lat' dir='ltr'>die</span> <span class='ocrx_word' id='word_1_26' title='bbox 1036 838 1171 902; x_wconf 88' lang='lat' dir='ltr'>civitati</span> <span class='ocrx_word' id='word_1_27' title='bbox 1187 837 1358 904; x_wconf 78' lang='lat' dir='ltr'><strong>indultam</strong></span> 
     </span>
     <span class='ocr_line' id='line_1_5' title="bbox 309 937 1357 1022; baseline -0.003 -20"><span class='ocrx_word' id='word_1_28' title='bbox 309 997 312 1002; x_wconf 89' lang='lat'>.</span> <span class='ocrx_word' id='word_1_29' title='bbox 400 939 506 1022; x_wconf 89' lang='lat' dir='ltr'>jussit</span> <span class='ocrx_word' id='word_1_30' title='bbox 537 958 623 1002; x_wconf 86' lang='lat' dir='ltr'>voce</span> <span class='ocrx_word' id='word_1_31' title='bbox 653 939 827 1019; x_wconf 79' lang='lat' dir='ltr'>praeconia</span> <span class='ocrx_word' id='word_1_32' title='bbox 854 937 1035 1020; x_wconf 84' lang='lat' dir='ltr'>publicari,</span> <span class='ocrx_word' id='word_1_33' title='bbox 1070 956 1174 1019; x_wconf 88' lang='lat' dir='ltr'>quam</span> <span class='ocrx_word' id='word_1_34' title='bbox 1207 937 1357 1018; x_wconf 82' lang='lat' dir='ltr'>gratiam</span> 
     </span>
     <span class='ocr_line' id='line_1_6' title="bbox 404 1035 1356 1120; baseline -0.003 -19"><span class='ocrx_word' id='word_1_35' title='bbox 404 1039 496 1102; x_wconf 88' lang='lat' dir='ltr'>cives</span> <span class='ocrx_word' id='word_1_36' title='bbox 513 1045 612 1120; x_wconf 81' lang='lat' dir='ltr'>grate</span> <span class='ocrx_word' id='word_1_37' title='bbox 632 1038 785 1120; x_wconf 81' lang='lat' dir='ltr'>amplexi</span> <span class='ocrx_word' id='word_1_38' title='bbox 802 1039 873 1102; x_wconf 90' lang='lat' dir='ltr'>otio</span> <span class='ocrx_word' id='word_1_39' title='bbox 891 1036 1092 1101; x_wconf 87' lang='lat' dir='ltr'>brevissimo</span> <span class='ocrx_word' id='word_1_40' title='bbox 1108 1035 1356 1120; x_wconf 82' lang='lat' dir='ltr'>jocundissime</span> 
     </span>
     <span class='ocr_line' id='line_1_7' title="bbox 403 1136 1353 1217; baseline -0.001 -18"><span class='ocrx_word' id='word_1_41' title='bbox 403 1136 615 1202; x_wconf 82' lang='lat' dir='ltr'>fruebantur.</span> <span class='ocrx_word' id='word_1_42' title='bbox 667 1137 823 1202; x_wconf 84' lang='lat' dir='ltr'>Juvenes</span> <span class='ocrx_word' id='word_1_43' title='bbox 857 1138 947 1201; x_wconf 88' lang='lat' dir='ltr'>enim</span> <span class='ocrx_word' id='word_1_44' title='bbox 984 1144 1021 1200; x_wconf 88' lang='lat' dir='ltr'>et</span> <span class='ocrx_word' id='word_1_45' title='bbox 1056 1137 1220 1217; x_wconf 83' lang='lat' dir='ltr'>virgines,</span> <span class='ocrx_word' id='word_1_46' title='bbox 1252 1155 1353 1199; x_wconf 91' lang='lat' dir='ltr'>senes</span> 
     </span>
    </p>

    <p class='ocr_par' dir='ltr' id='par_1_3' title="bbox 403 1235 1355 1810">
     <span class='ocr_line' id='line_1_8' title="bbox 404 1235 1354 1320; baseline -0.002 -20"><span class='ocrx_word' id='word_1_47' title='bbox 404 1256 482 1308; x_wconf 87' lang='lat' dir='ltr'>cum</span> <span class='ocrx_word' id='word_1_48' title='bbox 495 1237 703 1320; x_wconf 91' lang='lat' dir='ltr'>junioribus,</span> <span class='ocrx_word' id='word_1_49' title='bbox 719 1237 796 1300; x_wconf 90' lang='lat' dir='ltr'>Deo</span> <span class='ocrx_word' id='word_1_50' title='bbox 814 1244 849 1300; x_wconf 87' lang='lat' dir='ltr'>et</span> <span class='ocrx_word' id='word_1_51' title='bbox 867 1237 996 1300; x_wconf 85' lang='lat' dir='ltr'>Sancto</span> <span class='ocrx_word' id='word_1_52' title='bbox 1020 1235 1205 1299; x_wconf 85' lang='lat' dir='ltr'>Laurentio</span> <span class='ocrx_word' id='word_1_53' title='bbox 1221 1236 1354 1315; x_wconf 83' lang='lat' dir='ltr'>gratias</span> 
     </span>
     <span class='ocr_line' id='line_1_9' title="bbox 404 1333 1355 1419; baseline -0.001 -20"><span class='ocrx_word' id='word_1_54' title='bbox 404 1345 558 1416; x_wconf 81' lang='lat' dir='ltr'>agentes,</span> <span class='ocrx_word' id='word_1_55' title='bbox 579 1356 737 1419; x_wconf 90' lang='lat' dir='ltr'>cumpro</span> <span class='ocrx_word' id='word_1_56' title='bbox 760 1335 828 1398; x_wconf 88' lang='lat' dir='ltr'>diei</span> <span class='ocrx_word' id='word_1_57' title='bbox 849 1335 973 1400; x_wconf 86' lang='lat' dir='ltr'>laetitia</span> <span class='ocrx_word' id='word_1_58' title='bbox 994 1342 1067 1398; x_wconf 91' lang='lat' dir='ltr'>tum</span> <span class='ocrx_word' id='word_1_59' title='bbox 1089 1337 1193 1398; x_wconf 84' lang='lat' dir='ltr'>ctiam</span> <span class='ocrx_word' id='word_1_60' title='bbox 1215 1333 1258 1396; x_wconf 91' lang='lat' dir='ltr'>ad</span> <span class='ocrx_word' id='word_1_61' title='bbox 1278 1335 1355 1398; x_wconf 89' lang='lat' dir='ltr'>irri-</span> 
     </span>
     <span class='ocr_line' id='line_1_10' title="bbox 404 1434 1350 1516; baseline -0.002 -18"><span class='ocrx_word' id='word_1_62' title='bbox 404 1435 529 1499; x_wconf 91' lang='lat' dir='ltr'>tandos</span> <span class='ocrx_word' id='word_1_63' title='bbox 569 1434 687 1501; x_wconf 88' lang='lat' dir='ltr'>hostes</span> <span class='ocrx_word' id='word_1_64' title='bbox 729 1436 864 1498; x_wconf 87' lang='lat' dir='ltr'>canoris</span> <span class='ocrx_word' id='word_1_65' title='bbox 899 1435 1041 1498; x_wconf 90' lang='lat' dir='ltr'>vocibus</span> <span class='ocrx_word' id='word_1_66' title='bbox 1075 1435 1350 1516; x_wconf 82' lang='lat' dir='ltr'>concrepabant3</span> 
     </span>
     <span class='ocr_line' id='line_1_11' title="bbox 403 1535 1354 1615; baseline 0 -19"><span class='ocrx_word' id='word_1_67' title='bbox 403 1540 517 1598; x_wconf 88' lang='lat' dir='ltr'>turma</span> <span class='ocrx_word' id='word_1_68' title='bbox 558 1537 661 1599; x_wconf 88' lang='lat' dir='ltr'>etiam</span> <span class='ocrx_word' id='word_1_69' title='bbox 698 1535 858 1598; x_wconf 91' lang='lat' dir='ltr'>militaris</span> <span class='ocrx_word' id='word_1_70' title='bbox 893 1541 996 1599; x_wconf 81' lang='lat' dir='ltr'>extra</span> <span class='ocrx_word' id='word_1_71' title='bbox 1033 1535 1208 1598; x_wconf 87' lang='lat' dir='ltr'>civitatem</span> <span class='ocrx_word' id='word_1_72' title='bbox 1248 1552 1354 1615; x_wconf 90' lang='lat' dir='ltr'>super</span> 
     </span>
     <span class='ocr_line' id='line_1_12' title="bbox 403 1632 1352 1716; baseline 0.002 -21"><span class='ocrx_word' id='word_1_73' title='bbox 403 1634 514 1715; x_wconf 88' lang='lat' dir='ltr'>ripam</span> <span class='ocrx_word' id='word_1_74' title='bbox 538 1634 688 1700; x_wconf 86' lang='lat' dir='ltr'>fluminis</span> <span class='ocrx_word' id='word_1_75' title='bbox 710 1635 745 1698; x_wconf 92' lang='lat' dir='ltr'>in</span> <span class='ocrx_word' id='word_1_76' title='bbox 769 1642 956 1716; x_wconf 89' lang='lat' dir='ltr'>conspectu</span> <span class='ocrx_word' id='word_1_77' title='bbox 981 1633 1132 1697; x_wconf 91' lang='lat' dir='ltr'>hostium</span> <span class='ocrx_word' id='word_1_78' title='bbox 1162 1632 1352 1697; x_wconf 84' lang='lat' dir='ltr'>hastiludio</span> 
     </span>
     <span class='ocr_line' id='line_1_13' title="bbox 403 1733 1354 1810; baseline -0.001 -14"><span class='ocrx_word' id='word_1_79' title='bbox 403 1735 631 1798; x_wconf 85' lang='lat' dir='ltr'>exercebatur</span> <span class='ocrx_word' id='word_1_80' title='bbox 647 1735 690 1799; x_wconf 88' lang='lat' dir='ltr'>ad</span> <span class='ocrx_word' id='word_1_81' title='bbox 707 1733 854 1798; x_wconf 88' lang='lat' dir='ltr'>laudem.</span> <span class='ocrx_word' id='word_1_82' title='bbox 889 1733 976 1798; x_wconf 88' lang='lat' dir='ltr'>Mox</span> <span class='ocrx_word' id='word_1_83' title='bbox 993 1753 1107 1797; x_wconf 89' lang='lat' dir='ltr'>comes</span> <span class='ocrx_word' id='word_1_84' title='bbox 1119 1733 1354 1810; x_wconf 78' lang='lat' dir='ltr'>FlandrensiS‚</span> 
     </span>
    </p>

    <p class='ocr_par' dir='ltr' id='par_1_4' title="bbox 403 1831 1355 1917">
     <span class='ocr_line' id='line_1_14' title="bbox 403 1831 1355 1917; baseline 0 -22"><span class='ocrx_word' id='word_1_85' title='bbox 403 1842 443 1896; x_wconf 92' lang='lat' dir='ltr'>ut</span> <span class='ocrx_word' id='word_1_86' title='bbox 465 1833 601 1911; x_wconf 88' lang='lat' dir='ltr'>dicitur,</span> <span class='ocrx_word' id='word_1_87' title='bbox 626 1854 740 1917; x_wconf 82' lang='lat' dir='ltr'>regem</span> <span class='ocrx_word' id='word_1_88' title='bbox 767 1833 896 1908; x_wconf 77' lang='lat' dir='ltr'>adicnS,</span> <span class='ocrx_word' id='word_1_89' title='bbox 920 1838 943 1868; x_wconf 91' lang='lat'><strong><em>“</em></strong></span> <span class='ocrx_word' id='word_1_90' title='bbox 961 1833 1086 1909; x_wconf 87' lang='lat' dir='ltr'>Ecce,”</span> <span class='ocrx_word' id='word_1_91' title='bbox 1109 1833 1171 1908; x_wconf 88' lang='lat' dir='ltr'>ait,</span> <span class='ocrx_word' id='word_1_92' title='bbox 1196 1831 1355 1896; x_wconf 87' lang='lat' dir='ltr'>“civitas</span> 
     </span>
    </p>

    <p class='ocr_par' dir='ltr' id='par_1_5' title="bbox 402 1929 1354 2114">
     <span class='ocr_line' id='line_1_15' title="bbox 402 1929 1353 2018; baseline 0 -24"><span class='ocrx_word' id='word_1_93' title='bbox 402 1951 465 2014; x_wconf 91' lang='lat' dir='ltr'>pro</span> <span class='ocrx_word' id='word_1_94' title='bbox 480 1953 549 2015; x_wconf 87' lang='lat' dir='ltr'>qua</span> <span class='ocrx_word' id='word_1_95' title='bbox 568 1933 642 2018; x_wconf 89' lang='lat' dir='ltr'>jam</span> <span class='ocrx_word' id='word_1_96' title='bbox 659 1933 803 1997; x_wconf 91' lang='lat' dir='ltr'>multum</span> <span class='ocrx_word' id='word_1_97' title='bbox 821 1933 1034 2010; x_wconf 66' lang='lat' dir='ltr'>sudavimus</span> <span class='ocrx_word' id='word_1_98' title='bbox 1050 1932 1103 1995; x_wconf 91' lang='lat' dir='ltr'>bis</span> <span class='ocrx_word' id='word_1_99' title='bbox 1119 1931 1212 1995; x_wconf 88' lang='lat' dir='ltr'>intus</span> <span class='ocrx_word' id='word_1_100' title='bbox 1228 1929 1353 1995; x_wconf 90' lang='lat' dir='ltr'>choros</span> 
     </span>
     <span class='ocr_line' id='line_1_16' title="bbox 402 2030 1354 2114; baseline 0.001 -20"><span class='ocrx_word' id='word_1_101' title='bbox 402 2030 607 2097; x_wconf 88' lang='lat' dir='ltr'>ducentibus</span> <span class='ocrx_word' id='word_1_102' title='bbox 622 2042 658 2097; x_wconf 90' lang='lat' dir='ltr'>et</span> <span class='ocrx_word' id='word_1_103' title='bbox 674 2034 743 2097; x_wconf 90' lang='lat' dir='ltr'>illis</span> <span class='ocrx_word' id='word_1_104' title='bbox 762 2031 844 2095; x_wconf 84' lang='lat' dir='ltr'>foris</span> <span class='ocrx_word' id='word_1_105' title='bbox 865 2051 984 2096; x_wconf 89' lang='lat' dir='ltr'>secure</span> <span class='ocrx_word' id='word_1_106' title='bbox 1004 2032 1213 2108; x_wconf 90' lang='lat' dir='ltr'>ludentibus,</span> <span class='ocrx_word' id='word_1_107' title='bbox 1229 2039 1354 2114; x_wconf 90' lang='lat' dir='ltr'>sponte</span> 
     </span>
    </p>

    <p class='ocr_par' dir='ltr' id='par_1_6' title="bbox 401 2131 1354 2413">
     <span class='ocr_line' id='line_1_17' title="bbox 401 2131 1353 2213; baseline 0 -19"><span class='ocrx_word' id='word_1_108' title='bbox 401 2133 502 2195; x_wconf 89' lang='lat' dir='ltr'>nobis</span> <span class='ocrx_word' id='word_1_109' title='bbox 525 2133 689 2213; x_wconf 85' lang='lat' dir='ltr'>offertur3</span> <span class='ocrx_word' id='word_1_110' title='bbox 713 2139 828 2197; x_wconf 88' lang='lat' dir='ltr'>sumat</span> <span class='ocrx_word' id='word_1_111' title='bbox 846 2151 929 2212; x_wconf 81' lang='lat' dir='ltr'>ergo</span> <span class='ocrx_word' id='word_1_112' title='bbox 953 2151 1050 2194; x_wconf 90' lang='lat' dir='ltr'>arma</span> <span class='ocrx_word' id='word_1_113' title='bbox 1073 2131 1108 2194; x_wconf 92' lang='lat' dir='ltr'>in</span> <span class='ocrx_word' id='word_1_114' title='bbox 1128 2132 1264 2194; x_wconf 89' lang='lat' dir='ltr'>silentio</span> <span class='ocrx_word' id='word_1_115' title='bbox 1291 2151 1353 2194; x_wconf 84' lang='lat' dir='ltr'>ex-</span> 
     </span>
     <span class='ocr_line' id='line_1_18' title="bbox 401 2229 1353 2317; baseline 0 -23"><span class='ocrx_word' id='word_1_116' title='bbox 401 2232 540 2309; x_wconf 88' lang='lat' dir='ltr'>ercitus,</span> <span class='ocrx_word' id='word_1_117' title='bbox 570 2233 741 2317; x_wconf 90' lang='lat' dir='ltr'>scalisque</span> <span class='ocrx_word' id='word_1_118' title='bbox 767 2238 906 2313; x_wconf 88' lang='lat' dir='ltr'>repente</span> <span class='ocrx_word' id='word_1_119' title='bbox 932 2251 1030 2295; x_wconf 88' lang='lat' dir='ltr'>muro</span> <span class='ocrx_word' id='word_1_120' title='bbox 1056 2229 1240 2314; x_wconf 87' lang='lat' dir='ltr'>adjunctis,</span> <span class='ocrx_word' id='word_1_121' title='bbox 1272 2238 1353 2294; x_wconf 89' lang='lat' dir='ltr'>ante</span> 
     </span>
     <span class='ocr_line' id='line_1_19' title="bbox 401 2331 1354 2413; baseline 0.001 -20"><span class='ocrx_word' id='word_1_122' title='bbox 401 2331 578 2396; x_wconf 87' lang='lat' dir='ltr'>civitatem</span> <span class='ocrx_word' id='word_1_123' title='bbox 598 2333 826 2396; x_wconf 87' lang='lat' dir='ltr'>obtinebimus</span> <span class='ocrx_word' id='word_1_124' title='bbox 842 2351 946 2413; x_wconf 89' lang='lat' dir='ltr'>quam</span> <span class='ocrx_word' id='word_1_125' title='bbox 969 2332 1005 2394; x_wconf 91' lang='lat' dir='ltr'>in</span> <span class='ocrx_word' id='word_1_126' title='bbox 1020 2331 1195 2394; x_wconf 87' lang='lat' dir='ltr'>civitatem</span> <span class='ocrx_word' id='word_1_127' title='bbox 1218 2331 1354 2411; x_wconf 81' lang='lat' dir='ltr'>regredi</span> 
     </span>
    </p>
   </div>
   <div class='ocr_carea' id='block_1_3' title="bbox 402 2428 1353 2513">
    <p class='ocr_par' dir='ltr' id='par_1_7' title="bbox 402 2428 1353 2513">
     <span class='ocr_line' id='line_1_20' title="bbox 402 2428 1353 2513; baseline -0.001 -19"><span class='ocrx_word' id='word_1_128' title='bbox 402 2428 542 2494; x_wconf 87' lang='lat' dir='ltr'>valeant</span> <span class='ocrx_word' id='word_1_129' title='bbox 564 2431 623 2513; x_wconf 93' lang='lat' dir='ltr'>qui</span> <span class='ocrx_word' id='word_1_130' title='bbox 652 2450 715 2513; x_wconf 91' lang='lat' dir='ltr'>pro</span> <span class='ocrx_word' id='word_1_131' title='bbox 742 2431 932 2495; x_wconf 87' lang='lat' dir='ltr'>irritatione</span> <span class='ocrx_word' id='word_1_132' title='bbox 966 2437 1085 2494; x_wconf 88' lang='lat' dir='ltr'>nostra</span> <span class='ocrx_word' id='word_1_133' title='bbox 1115 2431 1267 2494; x_wconf 85' lang='lat' dir='ltr'>exterius</span> <span class='ocrx_word' id='word_1_134' title='bbox 1291 2450 1353 2493; x_wconf 91' lang='lat' dir='ltr'>va·</span> 
     </span>
    </p>
   </div>
   <div class='ocr_carea' id='block_1_4' title="bbox 244 2527 1354 3112">
    <p class='ocr_par' dir='ltr' id='par_1_8' title="bbox 403 2527 1353 2612">
     <span class='ocr_line' id='line_1_21' title="bbox 403 2527 1353 2612; baseline 0 -20"><span class='ocrx_word' id='word_1_135' title='bbox 403 2527 519 2592; x_wconf 87' lang='lat' dir='ltr'>cant.’&#39;</span> <span class='ocrx_word' id='word_1_136' title='bbox 559 2535 581 2565; x_wconf 93' lang='lat'><strong><em>“</em></strong></span> <span class='ocrx_word' id='word_1_137' title='bbox 591 2529 728 2606; x_wconf 87' lang='lat' dir='ltr'>Absit,”</span> <span class='ocrx_word' id='word_1_138' title='bbox 743 2531 856 2612; x_wconf 89' lang='lat' dir='ltr'>inquit</span> <span class='ocrx_word' id='word_1_139' title='bbox 872 2550 947 2607; x_wconf 84' lang='lat' dir='ltr'>rex,</span> <span class='ocrx_word' id='word_1_140' title='bbox 958 2535 981 2565; x_wconf 90' lang='lat'>“</span> <span class='ocrx_word' id='word_1_141' title='bbox 993 2531 1101 2594; x_wconf 88' lang='lat' dir='ltr'>absit!</span> <span class='ocrx_word' id='word_1_142' title='bbox 1141 2529 1247 2593; x_wconf 90' lang='lat' dir='ltr'>Nosti</span> <span class='ocrx_word' id='word_1_143' title='bbox 1262 2529 1353 2592; x_wconf 88' lang='lat' dir='ltr'>enim</span> 
     </span>
    </p>

    <p class='ocr_par' dir='ltr' id='par_1_9' title="bbox 403 2625 1354 2813">
     <span class='ocr_line' id='line_1_22' title="bbox 403 2625 1354 2713; baseline 0.002 -23"><span class='ocrx_word' id='word_1_144' title='bbox 403 2646 458 2691; x_wconf 87' lang='lat' dir='ltr'>me</span> <span class='ocrx_word' id='word_1_145' title='bbox 488 2648 552 2711; x_wconf 88' lang='lat' dir='ltr'>pro</span> <span class='ocrx_word' id='word_1_146' title='bbox 586 2631 777 2694; x_wconf 85' lang='lat' dir='ltr'>reverentia</span> <span class='ocrx_word' id='word_1_147' title='bbox 807 2631 899 2694; x_wconf 89' lang='lat' dir='ltr'>beati</span> <span class='ocrx_word' id='word_1_148' title='bbox 929 2629 1118 2707; x_wconf 86' lang='lat' dir='ltr'>Laurentii,</span> <span class='ocrx_word' id='word_1_149' title='bbox 1151 2628 1254 2713; x_wconf 88' lang='lat' dir='ltr'>hujus</span> <span class='ocrx_word' id='word_1_150' title='bbox 1285 2625 1354 2692; x_wconf 87' lang='lat' dir='ltr'>diei</span> 
     </span>
     <span class='ocr_line' id='line_1_23' title="bbox 403 2728 1354 2813; baseline 0.003 -24"><span class='ocrx_word' id='word_1_151' title='bbox 403 2729 555 2809; x_wconf 89' lang='lat' dir='ltr'>requiem</span> <span class='ocrx_word' id='word_1_152' title='bbox 579 2728 761 2794; x_wconf 86' lang='lat' dir='ltr'>indulsisse</span> <span class='ocrx_word' id='word_1_153' title='bbox 784 2729 965 2804; x_wconf 86' lang='lat' dir='ltr'>civitati;&#39;’</span> <span class='ocrx_word' id='word_1_154' title='bbox 1000 2737 1091 2813; x_wconf 88' lang='lat' dir='ltr'>tunc</span> <span class='ocrx_word' id='word_1_155' title='bbox 1112 2728 1264 2792; x_wconf 90' lang='lat' dir='ltr'>universi</span> <span class='ocrx_word' id='word_1_156' title='bbox 1293 2729 1354 2810; x_wconf 92' lang='lat' dir='ltr'>qui</span> 
     </span>
    </p>

    <p class='ocr_par' dir='ltr' id='par_1_10' title="bbox 315 2827 1354 3010">
     <span class='ocr_line' id='line_1_24' title="bbox 315 2827 1354 2910; baseline 0.002 -21"><span class='ocrx_word' id='word_1_157' title='bbox 315 2891 324 2906; x_wconf 63' lang='grc'><strong>,</strong></span> <span class='ocrx_word' id='word_1_158' title='bbox 405 2827 545 2891; x_wconf 89' lang='lat' dir='ltr'>aderant</span> <span class='ocrx_word' id='word_1_159' title='bbox 575 2848 733 2910; x_wconf 86' lang='lat' dir='ltr'>proceres</span> <span class='ocrx_word' id='word_1_160' title='bbox 759 2829 919 2893; x_wconf 78' lang='lat' dir='ltr'>familiari</span> <span class='ocrx_word' id='word_1_161' title='bbox 946 2848 1032 2893; x_wconf 88' lang='lat' dir='ltr'>ausu</span> <span class='ocrx_word' id='word_1_162' title='bbox 1058 2828 1149 2910; x_wconf 83' lang='lat' dir='ltr'>regis</span> <span class='ocrx_word' id='word_1_163' title='bbox 1176 2827 1354 2891; x_wconf 90' lang='lat' dir='ltr'>mollitiem</span> 
     </span>
     <span class='ocr_line' id='line_1_25' title="bbox 405 2925 1354 3010; baseline 0.001 -21"><span class='ocrx_word' id='word_1_164' title='bbox 405 2927 676 3010; x_wconf 85' lang='lat' dir='ltr'>improperantes</span> <span class='ocrx_word' id='word_1_165' title='bbox 702 2929 876 3006; x_wconf 83' lang='lat' dir='ltr'>dixerunt,</span> <span class='ocrx_word' id='word_1_166' title='bbox 900 2929 1050 2992; x_wconf 90' lang='lat' dir='ltr'>“Dolus</span> <span class='ocrx_word' id='word_1_167' title='bbox 1073 2947 1117 2991; x_wconf 89' lang='lat' dir='ltr'>an</span> <span class='ocrx_word' id='word_1_168' title='bbox 1138 2928 1247 3008; x_wconf 83' lang='lat' dir='ltr'>virtus</span> <span class='ocrx_word' id='word_1_169' title='bbox 1270 2925 1354 3010; x_wconf 92' lang='lat' dir='ltr'>quid</span> 
     </span>
    </p>

    <p class='ocr_par' dir='ltr' id='par_1_11' title="bbox 244 3026 1354 3112">
     <span class='ocr_line' id='line_1_26' title="bbox 244 3026 1354 3112; baseline 0 -21"><span class='ocrx_word' id='word_1_170' title='bbox 244 3051 359 3101; x_wconf 65' lang='lat' dir='ltr'>renam</span> <span class='ocrx_word' id='word_1_171' title='bbox 404 3045 497 3090; x_wconf 91' lang='lat' dir='ltr'>nunc</span> <span class='ocrx_word' id='word_1_172' title='bbox 515 3029 667 3091; x_wconf 86' lang='lat' dir='ltr'>exerceri</span> <span class='ocrx_word' id='word_1_173' title='bbox 693 3028 843 3093; x_wconf 84' lang='lat' dir='ltr'>debeatl</span> <span class='ocrx_word' id='word_1_174' title='bbox 866 3030 942 3112; x_wconf 90' lang='lat' dir='ltr'>quis</span> <span class='ocrx_word' id='word_1_175' title='bbox 966 3027 1114 3092; x_wconf 90' lang='lat' dir='ltr'>enimin</span> <span class='ocrx_word' id='word_1_176' title='bbox 1139 3026 1237 3091; x_wconf 89' lang='lat' dir='ltr'>hoste</span> <span class='ocrx_word' id='word_1_177' title='bbox 1264 3028 1354 3091; x_wconf 87' lang='lat' dir='ltr'>veri-</span> 
     </span>
    </p>
   </div>
   <div class='ocr_carea' id='block_1_5' title="bbox 242 3101 1353 3211">
    <p class='ocr_par' dir='ltr' id='par_1_12' title="bbox 242 3101 1353 3211">
     <span class='ocr_line' id='line_1_27' title="bbox 242 3101 1353 3211; baseline 0.023 -31"><span class='ocrx_word' id='word_1_178' title='bbox 242 3101 377 3142; x_wconf 61' lang='lat'>²¹¹⁶¹³¹⁶¹²⁰¹¹‘</span> <span class='ocrx_word' id='word_1_179' title='bbox 406 3131 511 3191; x_wconf 85' lang='lat' dir='ltr'>tatem</span> <span class='ocrx_word' id='word_1_180' title='bbox 543 3128 750 3211; x_wconf 86' lang='lat' dir='ltr'>requiratl”</span> <span class='ocrx_word' id='word_1_181' title='bbox 775 3129 887 3192; x_wconf 89' lang='lat' dir='ltr'>victus</span> <span class='ocrx_word' id='word_1_182' title='bbox 911 3129 961 3191; x_wconf 94' lang='lat' dir='ltr'>sic</span> <span class='ocrx_word' id='word_1_183' title='bbox 990 3128 1129 3194; x_wconf 88' lang='lat' dir='ltr'>tandem</span> <span class='ocrx_word' id='word_1_184' title='bbox 1152 3126 1353 3208; x_wconf 71' lang='lat' dir='ltr'>adquievit?</span> 
     </span>
    </p>
   </div>
   <div class='ocr_carea' id='block_1_6' title="bbox 403 3224 1360 4104">
    <p class='ocr_par' dir='ltr' id='par_1_13' title="bbox 403 3224 1360 4104">
     <span class='ocr_line' id='line_1_28' title="bbox 404 3224 1352 3310; baseline 0.002 -24"><span class='ocrx_word' id='word_1_185' title='bbox 404 3225 522 3307; x_wconf 86' lang='lat' dir='ltr'>itaque</span> <span class='ocrx_word' id='word_1_186' title='bbox 551 3247 620 3291; x_wconf 96' lang='lat' dir='ltr'>non</span> <span class='ocrx_word' id='word_1_187' title='bbox 656 3248 717 3310; x_wconf 87' lang='lat' dir='ltr'>per</span> <span class='ocrx_word' id='word_1_188' title='bbox 752 3247 870 3292; x_wconf 84' lang='lat' dir='ltr'>vocem</span> <span class='ocrx_word' id='word_1_189' title='bbox 901 3229 994 3291; x_wconf 85' lang='lat' dir='ltr'>tubae</span> <span class='ocrx_word' id='word_1_190' title='bbox 1025 3224 1142 3290; x_wconf 85' lang='lat' dir='ltr'>‘sui&#39;l</span> <span class='ocrx_word' id='word_1_191' title='bbox 1170 3227 1352 3308; x_wconf 86' lang='lat' dir='ltr'>praeconis,</span> 
     </span>
     <span class='ocr_line' id='line_1_29' title="bbox 404 3325 1353 3408; baseline 0.003 -21"><span class='ocrx_word' id='word_1_192' title='bbox 404 3325 465 3388; x_wconf 89' lang='lat' dir='ltr'>sed</span> <span class='ocrx_word' id='word_1_193' title='bbox 487 3327 571 3391; x_wconf 91' lang='lat' dir='ltr'>solis</span> <span class='ocrx_word' id='word_1_194' title='bbox 595 3327 720 3391; x_wconf 89' lang='lat' dir='ltr'>ducum</span> <span class='ocrx_word' id='word_1_195' title='bbox 747 3328 896 3391; x_wconf 88' lang='lat' dir='ltr'>susurris</span> <span class='ocrx_word' id='word_1_196' title='bbox 924 3327 1098 3391; x_wconf 87' lang='lat' dir='ltr'>exercitus</span> <span class='ocrx_word' id='word_1_197' title='bbox 1124 3333 1353 3408; x_wconf 86' lang='lat' dir='ltr'>praeparatur.</span> 
     </span>
     <span class='ocr_line' id='line_1_30' title="bbox 406 3422 1353 3510; baseline 0 -23"><span class='ocrx_word' id='word_1_198' title='bbox 406 3422 450 3487; x_wconf 94' lang='lat' dir='ltr'>In</span> <span class='ocrx_word' id='word_1_199' title='bbox 467 3427 607 3491; x_wconf 90' lang='lat' dir='ltr'>civitate</span> <span class='ocrx_word' id='word_1_200' title='bbox 624 3447 705 3490; x_wconf 86' lang='lat' dir='ltr'>vero</span> <span class='ocrx_word' id='word_1_201' title='bbox 725 3435 801 3490; x_wconf 89' lang='lat' dir='ltr'>erat</span> <span class='ocrx_word' id='word_1_202' title='bbox 818 3427 922 3491; x_wconf 91' lang='lat' dir='ltr'>turris</span> <span class='ocrx_word' id='word_1_203' title='bbox 940 3426 1078 3490; x_wconf 80' lang='lat' dir='ltr'>excelsa</span> <span class='ocrx_word' id='word_1_204' title='bbox 1091 3427 1126 3489; x_wconf 93' lang='lat' dir='ltr'>in</span> <span class='ocrx_word' id='word_1_205' title='bbox 1147 3446 1217 3510; x_wconf 88' lang='lat' dir='ltr'>qua</span> <span class='ocrx_word' id='word_1_206' title='bbox 1233 3432 1353 3490; x_wconf 83' lang='lat' dir='ltr'>vetus-</span> 
     </span>
     <span class='ocr_line' id='line_1_31' title="bbox 405 3524 1353 3609; baseline 0.002 -23"><span class='ocrx_word' id='word_1_207' title='bbox 405 3524 540 3588; x_wconf 87' lang='lat' dir='ltr'>tissima</span> <span class='ocrx_word' id='word_1_208' title='bbox 575 3527 735 3606; x_wconf 87' lang='lat' dir='ltr'>quaedam</span> <span class='ocrx_word' id='word_1_209' title='bbox 764 3546 934 3608; x_wconf 87' lang='lat' dir='ltr'>campana</span> <span class='ocrx_word' id='word_1_210' title='bbox 964 3526 1146 3608; x_wconf 86' lang='lat' dir='ltr'>pendebat,</span> <span class='ocrx_word' id='word_1_211' title='bbox 1175 3525 1218 3588; x_wconf 87' lang='lat' dir='ltr'>ad</span> <span class='ocrx_word' id='word_1_212' title='bbox 1252 3525 1353 3609; x_wconf 90' lang='lat' dir='ltr'>cujus</span> 
     </span>
     <span class='ocr_line' id='line_1_32' title="bbox 405 3625 1355 3707; baseline 0.002 -23"><span class='ocrx_word' id='word_1_213' title='bbox 405 3641 527 3684; x_wconf 93' lang='lat' dir='ltr'>sonum</span> <span class='ocrx_word' id='word_1_214' title='bbox 550 3643 628 3686; x_wconf 92' lang='lat' dir='ltr'>cum</span> <span class='ocrx_word' id='word_1_215' title='bbox 649 3625 904 3688; x_wconf 85' lang='lat' dir='ltr'>continuatione</span> <span class='ocrx_word' id='word_1_216' title='bbox 924 3626 1131 3707; x_wconf 89' lang='lat' dir='ltr'>pulsantem,</span> <span class='ocrx_word' id='word_1_217' title='bbox 1159 3644 1278 3688; x_wconf 88' lang='lat' dir='ltr'>omnes</span> <span class='ocrx_word' id='word_1_218' title='bbox 1300 3644 1355 3687; x_wconf 86' lang='lat' dir='ltr'>ar-</span> 
     </span>
     <span class='ocr_line' id='line_1_33' title="bbox 405 3717 1360 3788; baseline 0.004 -6"><span class='ocrx_word' id='word_1_219' title='bbox 405 3721 501 3783; x_wconf 87' lang='lat' dir='ltr'>mata</span> <span class='ocrx_word' id='word_1_220' title='bbox 527 3740 631 3785; x_wconf 89' lang='lat' dir='ltr'>manu</span> <span class='ocrx_word' id='word_1_221' title='bbox 655 3723 698 3786; x_wconf 87' lang='lat' dir='ltr'>ad</span> <span class='ocrx_word' id='word_1_222' title='bbox 724 3717 1005 3788; x_wconf 78' lang='lat' dir='ltr'>‘munitionem’²</span> <span class='ocrx_word' id='word_1_223' title='bbox 1028 3725 1179 3788; x_wconf 90' lang='lat' dir='ltr'>civitatis</span> <span class='ocrx_word' id='word_1_224' title='bbox 1209 3743 1360 3787; x_wconf 84' lang='lat' dir='ltr'>concur·.</span> 
     </span>
     <span class='ocr_line' id='line_1_34' title="bbox 403 3821 1354 3902; baseline 0.002 -20"><span class='ocrx_word' id='word_1_225' title='bbox 403 3827 541 3884; x_wconf 87' lang='lat' dir='ltr'>rorent:</span> <span class='ocrx_word' id='word_1_226' title='bbox 570 3821 715 3902; x_wconf 82' lang='lat' dir='ltr'>contigit</span> <span class='ocrx_word' id='word_1_227' title='bbox 744 3831 858 3886; x_wconf 90' lang='lat' dir='ltr'>autem</span> <span class='ocrx_word' id='word_1_228' title='bbox 891 3824 1009 3888; x_wconf 89' lang='lat' dir='ltr'>eadem</span> <span class='ocrx_word' id='word_1_229' title='bbox 1038 3823 1134 3900; x_wconf 90' lang='lat' dir='ltr'>bora,</span> <span class='ocrx_word' id='word_1_230' title='bbox 1165 3823 1354 3887; x_wconf 89' lang='lat' dir='ltr'>secundum</span> 
     </span>
     <span class='ocr_line' id='line_1_35' title="bbox 405 3918 1354 4004; baseline 0.002 -22"><span class='ocrx_word' id='word_1_231' title='bbox 405 3918 694 4002; x_wconf 88' lang='lat' dir='ltr'>dispensationem</span> <span class='ocrx_word' id='word_1_232' title='bbox 738 3921 954 4000; x_wconf 89' lang='lat' dir='ltr'>dominicam,</span> <span class='ocrx_word' id='word_1_233' title='bbox 999 3922 1141 3987; x_wconf 86' lang='lat' dir='ltr'>clericos</span> <span class='ocrx_word' id='word_1_234' title='bbox 1186 3922 1354 4004; x_wconf 88' lang='lat' dir='ltr'>quosdam</span> 
     </span>
     <span class='ocr_line' id='line_1_36' title="bbox 404 4020 1354 4104; baseline 0.002 -22"><span class='ocrx_word' id='word_1_235' title='bbox 404 4020 519 4086; x_wconf 87' lang='lat' dir='ltr'>nescio</span> <span class='ocrx_word' id='word_1_236' title='bbox 549 4020 629 4103; x_wconf 91' lang='lat' dir='ltr'>quid</span> <span class='ocrx_word' id='word_1_237' title='bbox 662 4022 826 4104; x_wconf 88' lang='lat' dir='ltr'>operandi</span> <span class='ocrx_word' id='word_1_238' title='bbox 854 4042 961 4087; x_wconf 86' lang='lat' dir='ltr'>causa</span> <span class='ocrx_word' id='word_1_239' title='bbox 992 4023 1028 4086; x_wconf 90' lang='lat' dir='ltr'>in</span> <span class='ocrx_word' id='word_1_240' title='bbox 1057 4021 1201 4086; x_wconf 89' lang='lat' dir='ltr'>eandem</span> <span class='ocrx_word' id='word_1_241' title='bbox 1231 4023 1354 4085; x_wconf 89' lang='lat' dir='ltr'>turrim</span> 
     </span>
    </p>
   </div>
   <div class='ocr_carea' id='block_1_7' title="bbox 439 4225 1340 4300">
    <p class='ocr_par' dir='ltr' id='par_1_14' title="bbox 439 4225 1340 4300">
     <span class='ocr_line' id='line_1_37' title="bbox 439 4225 1340 4300; baseline 0.003 -24"><span class='ocrx_word' id='word_1_242' title='bbox 439 4228 445 4257; x_wconf 94' lang='lat'>¹</span> <span class='ocrx_word' id='word_1_243' title='bbox 464 4225 551 4292; x_wconf 85' lang='lat' dir='ltr'>‘sive,&#39;</span> <span class='ocrx_word' id='word_1_244' title='bbox 564 4229 622 4279; x_wconf 88' lang='lat' dir='ltr'>MS.</span> <span class='ocrx_word' id='word_1_245' title='bbox 635 4230 729 4280; x_wconf 85' lang='lat' dir='ltr'>Lausd.</span> <span class='ocrx_word' id='word_1_246' title='bbox 873 4225 878 4300; x_wconf 80' lang='grc' dir='ltr'>Ι</span> <span class='ocrx_word' id='word_1_247' title='bbox 929 4227 938 4256; x_wconf 81' lang='lat'>²</span> <span class='ocrx_word' id='word_1_248' title='bbox 954 4229 1160 4292; x_wconf 62' lang='lat' dir='ltr'>‘defensionem&#39;</span> <span class='ocrx_word' id='word_1_249' title='bbox 1173 4229 1230 4278; x_wconf 90' lang='lat' dir='ltr'>MS.</span> <span class='ocrx_word' id='word_1_250' title='bbox 1245 4230 1340 4280; x_wconf 84' lang='lat' dir='ltr'>Lansd.</span> 
     </span>
    </p>
   </div>
   <div class='ocr_carea' id='block_1_8' title="bbox 0 0 1563 4990">
    <p class='ocr_par' dir='ltr' id='par_1_15' title="bbox 0 0 1563 4990">
     <span class='ocr_line' id='line_1_38' title="bbox 0 0 1563 4990; baseline 0 0"><span class='ocrx_word' id='word_1_251' title='bbox 0 0 1563 4990; x_wconf 95' lang='lat' dir='ltr'> </span> 
     </span>
    </p>
   </div>
  </div>
 </body>
</html>
