3128 4992
432 453 475 518 48
805 468 1015 518 oenomcor

296 647 370 694 neno
380 647 398 685 1.
433 628 592 691 cedentes
607 627 684 692 loca
695 626 853 710 quaedam
865 627 900 689 in
914 626 1080 691 comitatu
1097 624 1263 708 praedicto
1276 626 1378 708 depo-

271 696 417 760 Q
433 727 544 810 pulati
554 735 647 803 sunt,
658 727 811 791 accensis
819 726 953 790 duobus
962 725 1127 800 castelliS,
1140 734 1175 789 et
1188 726 1377 789 interfectis

434 826 564 891 multis,
617 825 698 905 Quo
719 825 851 902 audito,
873 845 935 888 rex
960 824 1146 900 Hernicus,
1165 833 1378 908 congregato

432 927 587 991 exercitu
605 927 756 1009 copioso,
774 925 901 989 direxit
922 924 1047 988 ibidem
1065 944 1204 1006 gressus
1227 944 1308 988 suos
1332 924 1377 987 ad

433 1025 683 1091 devastandum
713 1044 773 1089 eos
797 1025 890 1088 omni
919 1024 1033 1089 furore
1062 1043 1259 1088 succensus.
1311 1024 1377 1088 Sed

433 1146 511 1190 omn
535 1126 750 1209 pervenisset
771 1124 880 1207 juxta
906 1123 1094 1201 Snawdun,
1112 1143 1175 1188 rex
1195 1123 1375 1188 Wallano·

433 1246 522 1302 rum,
546 1225 660 1289 missis
683 1225 826 1301 nuntiis
848 1223 1002 1306 placavit
1022 1244 1100 1287 eum
1122 1224 1159 1287 in
1180 1225 1375 1287 muneribus

433 1324 564 1402 multis,
586 1331 622 1388 et
646 1324 888 1388 reconciliatus
908 1330 962 1387 cst
984 1323 1027 1400 ei,
1042 1330 1078 1388 et
1100 1322 1213 1386 factus
1231 1331 1285 1387 est
1307 1322 1375 1386 sal·

434 1432 503 1488 tem
520 1422 650 1488 vocalis
669 1421 820 1496 amicum
846 1424 890 1486 ab
906 1441 1016 1506 eoque
1031 1423 1181 1505 acceptis
1200 1423 1376 1486 obsidibus

435 1541 594 1587 reversus
611 1529 677 1588 est.
728 1522 775 1586 Et
792 1522 911 1586 eodem
927 1541 1019 1586 anno
1035 1541 1096 1586 rex
1115 1521 1189 1604 ipse
1206 1522 1280 1585 fieri
1297 1522 1378 1586 fecit

435 1623 527 1687 inter
541 1621 756 1686 Lincolniam
774 1629 809 1686 et
825 1620 1008 1705 Torlresay
1020 1622 1189 1686 fossatum
1207 1621 1379 1703 quoddam

435 1723 478 1785 ad
492 1722 559 1787 iter
572 1721 711 1786 navium
729 1741 791 1804 per
804 1720 1050 1785 derivationem
1061 1721 1212 1786 Trentae.
1249 1721 1378 1785 Eodem

436 1840 526 1884 anno
567 1820 772 1904 Ranulphus
810 1818 1069 1884 Dunolmensis¹
1105 1821 1288 1904 episcopus
1325 1822 1378 1883 in-

272 1943 367 1982 mane
434 1921 526 2002 cepit
537 1921 719 1984 castellum
733 1921 774 1984 de
791 1919 961 1998 Norhem,
974 1921 1046 1997 ubi,
1061 1920 1097 1983 in
1107 1920 1228 2003 vigilia
1238 1920 1378 1984 Natalis

271 1993 371 2090 ii'ulier.
436 2020 588 2097 Domini,
610 2021 742 2084 irruens
759 2027 883 2085 ventus
905 2020 1064 2084 insolitus
1090 2040 1158 2083 non
1181 2020 1292 2084 solum
1317 2019 1378 2082 do·

271 2093 417 2134 ⁸⁸⁸⁰”'¹⁴'
434 2140 509 2185 mos
531 2119 592 2184 scd
615 2122 720 2184 etiam
737 2127 850 2184 turres
869 2119 1035 2202 quasdam
1055 2118 1179 2203 dejecit
1201 2119 1377 2203 lapideas;

435 2221 495 2284 sed
508 2227 650 2303 propter
666 2221 732 2284 hoc
747 2220 792 2283 ab
805 2220 943 2303 incepto
961 2239 1063 2302 opere
1077 2239 1145 2283 non
1167 2219 1312 2283 destitit.

272 1785 286 1812 Ι

640 2383 787 2448 Pcrrcct't
801 2385 868 2448 ee
879 2384 915 2448 ia
928 2384 1170 2448 Normoaaicm.

271 2536 396 2577 aoros
488 2514 589 2579 Anno
618 2514 760 2579 Domini
787 2532 957 2580 dcxxiv,
983 2536 1046 2580 rex
1071 2515 1248 2581 Henricus
1269 2515 1380 2580 archi-

436 2616 673 2698 episcopatum
706 2615 1000 2693 Cantuariensem,
1029 2616 1265 2699 episcopatum
1300 2615 1381 2678 Lin-

436 2715 656 2791 colniensem‚
671 2722 706 2779 et
721 2716 958 2799 episcopatum
977 2715 1246 2780 Bathoniensem
1260 2723 1381 2779 contu-

270 2823 416 2923 ffligffrm·
437 2814 490 2891 lit,
501 2821 537 2878 et
552 2812 692 2878 ‘circa'²
711 2813 955 2896 Pentecosten³
970 2815 1107 2880 transiit
1122 2816 1158 2878 in
1174 2815 1379 2880 Normanni-
1437 2837 1442 2842 ·

274 2925 365 2973 mmor
439 2932 507 2990 am,
522 2913 779 2978 declinaverant
794 2915 886 2979 enirn
901 2915 1001 2978 abeo
1016 2915 1155 2998 quidam
1169 2934 1287 2978 eorum
1302 2921 1382 2996 post

252 3039 254 3046 ·
273 3032 414 3122 'raganrico
439 3019 584 3077 mortem
601 3013 664 3077 filii
678 3015 733 3078 sui
748 3015 804 3078 cui
824 3014 988 3079 ducatum
1005 3015 1151 3078 eundem
1164 3015 1379 3079 contulerat:

272 3131 412 3171 morern·
439 3120 474 3176 ct
496 3113 532 3176 in
552 3132 643 3177 anno
664 3115 822 3196 sequenti
842 3115 969 3179 multos
991 3115 1106 3178 exeis
1129 3135 1215 3197 quos
1237 3113 1381 3177 rebelles

273 3192 331 3228 rona,
341 3182 383 3222 and
441 3213 448 3226 .

273 3235 394 3332 'fflff
438 3220 620 3277 mvenerat
636 3213 764 3278 devicit
780 3220 951 3296 potenter,
967 3220 1002 3278 et
1019 3232 1081 3278 suo
1097 3214 1247 3278 dominio
1262 3211 1381 3296 subju·

438 3312 536 3394 gavit
550 3340 559 3388 ;
588 3321 623 3377 et
637 3315 699 3391 sic,
715 3316 856 3378 obtenta
870 3315 1026 3391 victoria,
1043 3334 1202 3379 reversus
1218 3321 1282 3378 est.

560 3480 695 3564 chotoo
715 3479 814 3563 Popae
832 3500 900 3543 ema
914 3479 1078 3544 Meretrice
1092 3478 1259 3543 ioococ'tor.

274 3638 405 3679 armos.
484 3609 587 3673 Anno
622 3611 762 3674 Domini
796 3627 951 3674 mcxxv,
981 3610 1161 3675 lohannes
1193 3609 1385 3676 Oremcnsis

273 3710 398 3808 ffigggf‘
441 3709 626 3771 cardinalis
647 3710 771 3771 missus
791 3729 813 3772 a
832 3710 941 3774 latere
958 3710 1087 3774 domini
1112 3730 1213 3794 papae
1233 3711 1384 3774 celebra-

272 3834 429 3886 ruetsopaa,
442 3808 493 3873 vit
507 3807 689 3871 concilium
709 3807 921 3887 Londoniis‚⁴
935 3811 972 3874 in
988 3811 1076 3874 festo
1094 3810 1302 3876 Nativitatis
1319 3809 1386 3873 Dei

476 3958 484 3989 ¹
501 3961 585 4024 Ralph
595 3962 740 4025 Flambcsd,
751 3963 819 4011 Lord
826 3963 902 4012 Trea-
961 3960 972 3990 ¹
988 3963 1107 4025 ‘contra,'
1119 3963 1175 4014 MS.
1188 3963 1253 4013 Coll.
1264 3963 1336 4011 Arm.

439 4048 511 4082 surer
538 4034 588 4081 and
610 4033 678 4081 Lord
697 4033 775 4083 chief
792 4034 902 4096 Justice,
962 4031 1161 4095 ’Whitsunday
1186 4033 1309 4081 occurred
1336 4031 1389 4080 this

438 4104 582 4152 nominated
599 4108 624 4152 to
647 4104 698 4154 thie
719 4119 771 4166 see,
788 4103 901 4168 Sanday‚
926 4119 988 4166 year
998 4119 1029 4152 on
1040 4102 1083 4152 the
1094 4104 1154 4152 aeth
1165 4103 1194 4152 ol
1202 4102 1273 4164 May.

438 4173 502 4235 May
513 4174 582 4236 aad,
595 4179 668 4224 1099.
960 4171 969 4200 ⁴
987 4174 1050 4222 Aleo
1072 4174 1155 4222 called
1173 4173 1216 4222 the
1239 4173 1346 4223 Oouncil
1363 4173 1394 4220 of

927 4245 1110 4294 westminster.
