3116 4990
415 477 586 524 wrucnru
609 477 656 525 uu
679 478 961 527 unurnenunou.
1098 465 1162 532 167

206 632 364 711 Ιἐςιίηιιεξ1
381 654 504 718 parum
516 641 631 700 tamen
642 635 870 716 proiecimus3
888 637 919 700 si
930 635 1157 706 manserimus
1187 655 1279 700 eruor
1289 659 1307 700 1.

209 732 264 797 bic
286 741 322 798 et
337 735 375 798 in
397 737 582 818 praesentia
598 754 663 800 sua
680 734 875 800 ‘deditum’2
890 736 993 801 fuerit
1006 747 1157 805 castrum
1169 708 1317 773 Q

208 834 263 897 vel
287 844 541 917 expugnatum,
560 855 629 899 non
652 835 751 898 nobis
778 835 839 902 sed
861 836 927 902 sibi
951 839 1062 902 omnis
1080 840 1157 904 laus

207 934 378 998 tribuetur
391 944 427 1000 et
441 934 573 1016 gloria3
597 942 812 998 revertamur
824 954 908 1018 ergo
922 937 967 1000 ad
981 938 1156 1004 civitatem

209 1031 474 1111 Ptolomaidam,
501 1042 536 1099 et
564 1055 642 1098 cum
667 1035 801 1098 venerit
828 1035 935 1101 faciat
958 1037 1034 1119 ipse
1062 1041 1154 1122 quod

207 1134 392 1214 potuerit.''
444 1134 548 1213 Quod
578 1141 613 1198 et
642 1133 770 1198 facturn
799 1143 861 1200 est.
914 1134 1071 1221 Cumque
1096 1159 1155 1204 ve·

206 1233 313 1297 nisset
334 1253 396 1298 rex
418 1233 603 1311 Ricardus,
626 1243 662 1299 et
684 1234 758 1298 boec
780 1234 967 1313 didicisset,
983 1238 1097 1302 oravit
1111 1240 1154 1303 ad

206 1331 397 1397 Dominum
416 1334 466 1399 sic
483 1334 622 1400 dicens:
646 1339 668 1369 “
685 1333 715 1398 Ο
730 1336 822 1398 bono
848 1333 936 1399 Jesu
963 1356 1028 1418 pro
1055 1339 1154 1422 cujus

207 1450 325 1496 amore
341 1434 434 1498 istud
446 1434 513 1499 iter
528 1434 700 1517 assumpsi
711 1441 751 1498 ut
767 1435 970 1515 sanguinem
983 1443 1078 1500 tuum
1090 1458 1154 1520 pro

207 1532 442 1614 redemptione
482 1533 669 1598 Christiani
704 1534 852 1599 nominis
894 1534 1051 1613 effusum,
1088 1557 1153 1620 pro

206 1651 309 1713 posse
333 1634 368 1696 in
390 1633 507 1698 hostes
530 1642 609 1698 tuos
630 1633 850 1710 vindicarem,
876 1634 1007 1719 adjuva
1034 1655 1100 1714 me,
1122 1638 1153 1701 si

205 1732 332 1813 placet,
349 1734 385 1795 in
400 1734 575 1816 praesenti,
591 1734 627 1796 in
641 1735 899 1816 expugnatione
917 1735 1019 1799 istius
1034 1739 1152 1815 castri,

113 1883 116 1886 .
205 1832 255 1896 ita
281 1832 374 1915 quod
403 1835 468 1898 tibi
497 1841 532 1898 et
559 1834 688 1897 nomini
718 1841 780 1899 tuo
802 1834 879 1898 laus
904 1836 1096 1899 ascribatur
1117 1845 1153 1902 et

204 1931 347 1996 honor.”
389 1933 436 1997 Et
451 1935 650 2000 convocatis
668 1933 740 1998 suis
764 1935 824 2009 ait,
840 1939 863 1968 “
874 1932 964 1998 Ecce
979 1936 1152 2016 quomodo

203 2031 344 2114 reliquit
353 2031 453 2097 ‘nos'³
466 2054 529 2098 rex
543 2034 755 2098 Francorum
766 2033 918 2096 animum
927 2033 1058 2098 invidia
1069 2054 1151 2103 con·
1180 2065 1182 2072 ·

205 2133 410 2196 taminatum
446 2134 523 2215 ipso
559 2134 653 2198 iacto
688 2133 892 2208 declarans,
911 2140 945 2197 et
982 2133 1152 2200 vecordiae
1211 2175 1215 2186 ‹

203 2230 377 2309 ‘notam,'⁴
391 2232 517 2298 infecto
526 2233 677 2313 negotio,
690 2231 885 2296 Christiano
900 2233 1030 2296 nomini
1038 2233 1075 2296 in
1088 2253 1151 2299 suo

202 2349 340 2395 recessu
370 2333 589 2414 imprimens;
626 2333 796 2414 erigimini
826 2351 910 2413 ergo
938 2333 975 2395 in
1004 2333 1150 2398 Christi·

202 2448 348 2495 anorum
370 2431 518 2510 laudem,
535 2440 571 2496 et
587 2432 734 2496 viriliter
751 2432 844 2513 agite
866 2450 929 2514 pro
952 2431 1091 2497 Christo
1114 2442 1149 2498 et

202 2532 341 2595 nornine
355 2540 484 2611 vestro,
502 2533 585 2614 quia
610 2551 679 2595 non
705 2530 904 2596 recedemus
920 2551 963 2596 cx
981 2532 1060 2596 hinc
1082 2533 1149 2596 nisi

201 2639 363 2711 potenter
386 2640 617 2714 expugnetur,
633 2630 689 2698 vel
714 2631 812 2695 nobis
830 2631 1010 2712 magnifice
1025 2631 1148 2697 redda-

201 2730 305 2793 tur.’'.
344 2731 477 2795 Erectis
492 2751 575 2812 ergo
590 2730 759 2795 machinis
781 2730 860 2793 hinc
883 2731 963 2794 inde
979 2732 1051 2796 teia
1068 2751 1147 2814 pro·

194 2829 376 2912 jiciuntur,
407 2839 672 2912 consertumque
706 2835 759 2895 est
800 2829 960 2912 proelium
994 2831 1146 2912 grande3

201 2930 332 2994 obsessi
349 2949 429 2995 vero
444 2931 510 2995 viri
532 2928 772 3006 strenuissimi,
788 2937 823 2994 et
841 2929 925 2993 nibil
939 2931 1005 2994 sibi
1023 2931 1146 2998 timen-

201 3036 267 3105 tes,
293 3049 334 3093 eo
359 3030 452 3112 quod
469 3031 705 3094 obsessoribus
719 3047 787 3092 non
807 3037 883 3094 erat
905 3030 1067 3094 introitus
1081 3033 1147 3096 nisi

201 3148 379 3210 perunum
393 3130 487 3194 viam
512 3136 548 3193 et
571 3136 713 3206 arctam,
735 3129 864 3212 apertis
885 3129 1003 3212 januis
1025 3132 1147 3196 emise-

200 3236 282 3292 runt
299 3229 550 3312 quinquaginta
577 3235 728 3293 armatos
752 3229 812 3311 qui
837 3229 1032 3310 pompatice
1050 3235 1146 3293 ‘sta-

200 3335 288 3405 rent,
300 3324 370 3405 et,'⁵
379 3331 409 3392 si
420 3329 508 3393 forte
520 3330 714 3410 ingressum
727 3333 737 3364 ‘
744 3318 1015 3409 attemptarent’⁶
1026 3328 1145 3410 aliqui,

200 3429 250 3492 eis
264 3436 421 3492 extrema
434 3436 528 3493 sorte
549 3429 745 3492 illuderent.
798 3426 900 3505 Quod
919 3445 996 3491 cum
1013 3427 1147 3494 rideret

199 3547 262 3590 rex
290 3527 463 3592 Ricardus
488 3527 676 3604 infremuit,
700 3534 735 3591 et
764 3527 932 3607 impeturn
962 3527 1067 3590 animi
1092 3547 1145 3591 re·

199 3627 308 3691 tinere
323 3647 393 3690 non
410 3627 538 3704 valens,
548 3626 726 3692 stimulato
741 3626 918 3690 dextrario
935 3626 971 3690 in
988 3644 1047 3690 eos
1065 3645 1145 3692 con·

199 3727 294 3791 tinuo
327 3727 440 3804 irruit,
468 3735 503 3791 et
530 3746 621 3791 nunc
646 3726 709 3791 bos
738 3746 830 3790 nuno
855 3726 934 3790 iilos
960 3726 1039 3792 hino
1068 3728 1146 3792 inde

232 4021 238 4051 ¹
256 4017 381 4080 ‘sumne,’
392 4017 450 4068 MS.
463 4017 557 4067 Lonsd.
719 4012 730 4043 ⁴
746 4011 870 4077 ‘nomem’
890 4015 948 4065 MS.
960 4017 1072 4076 Lansd.;
1092 4017 1149 4065 ‘in-

232 4217 242 4246 ³
263 4218 337 4285 ‘vos,'
349 4223 407 4273 MS.
419 4221 486 4272 ceu.
494 4224 552 4274 Tib.
720 4215 730 4248 ⁰
747 4221 940 4289 foccepmeut,'
948 4225 1004 4275 MS.
1015 4225 1082 4277 Cott.
1090 4225 1148 4278 Tib.
