3116 4990
404 461 469 533 164
772 474 983 524 eunoruoou

253 651 379 744 ffihtlrffl·
406 644 481 724 ipse
496 637 758 725 perditusque'²
779 658 858 703 cum
875 656 984 719 regno
999 644 1035 702 et
1058 655 1081 700 a
1097 636 1219 702 suisio
1235 655 1360 712 manius

246 732 397 837 W
408 742 558 807 bostium
568 741 717 806 traditus
732 748 797 816 est,
812 738 889 803 Deo
900 747 1017 802 autem
1026 735 1176 820 propitio
1190 736 1358 801 liberatus

244 839 544 928 :flfiffigssffi‘estz'2
566 847 629 906 aut
649 860 733 923 ergo
750 839 854 921 eulpa
875 838 951 922 ejus
971 838 1009 901 in
1030 837 1096 901 hac
1118 845 1218 919 parte
1241 836 1357 901 decla·

244 935 371 980 ³⁶¹⁰⁸⁸¹⁰¹¹¹·
410 948 516 1019 retur,
531 947 594 1006 aut
608 940 641 1004 ei
663 959 733 1021 qua
749 938 871 1002 nudari
887 955 955 1001 non
979 937 1104 1001 meruit
1124 936 1358 1019 praerogativa

409 1040 601 1107 servetur.''
633 1040 742 1120 AEgre
755 1044 764 1073 ‘
776 1035 952 1121 quidem'³
968 1036 1050 1100 tulit
1065 1056 1127 1100 rex
1145 1037 1357 1101 Francorum

410 1160 509 1206 suam
533 1160 555 1205 a
580 1159 662 1221 rege
686 1135 881 1220 Anglorum
911 1155 980 1200 non
1010 1137 1195 1219 approbari
1226 1156 1267 1200 ac
1295 1155 1357 1219 per

410 1240 476 1306 hoc
504 1247 540 1304 et
568 1238 733 1303 infirmari
761 1236 981 1302 sententiam.
1027 1235 1074 1300 Et
1107 1245 1189 1300 tunc
1219 1235 1357 1318 quidem

410 1359 488 1404 eum
504 1358 605 1403 suum
631 1357 701 1402 non
716 1345 835 1420 posset
849 1337 983 1401 sancire
998 1335 1173 1400 decretum
1189 1355 1253 1418 pro
1269 1343 1357 1399 tem·

410 1459 493 1522 pore
521 1438 628 1514 siluit,
653 1434 818 1520 ‘porro'⁴
841 1436 917 1500 haec
943 1435 1109 1499 dissentio
1133 1435 1276 1518 maj0ris
1301 1433 1357 1499 vel

410 1537 657 1620 indignationis
672 1536 728 1602 vel
742 1535 812 1599 odii
819 1535 975 1600 fomitem
986 1535 1206 1600 ministravit.
1254 1531 1357 1599 Cum·

410 1658 478 1720 que
498 1638 574 1721 jam
596 1655 679 1720 pars
705 1635 876 1700 Gnidonis
903 1655 966 1718 per
989 1635 1143 1699 favorem
1168 1635 1261 1716 regis
1280 1632 1357 1697 'An-

411 1738 547 1819 gloruru
571 1744 737 1820 praestare
757 1735 944 1811 videretur,
968 1741 1177 1800 memoratus
1202 1733 1356 1798 marchio

412 1837 566 1920 ejusdem
584 1836 675 1918 regis
691 1836 882 1918 potentiam
893 1835 1024 1899 veritus
1039 1853 1118 1898 oum
1135 1834 1208 1896 suis
1222 1833 1356 1916 Tyrum

411 1937 524 2002 rediit.
569 1936 659 2001 Sane
680 1942 759 2018 post
782 1952 959 1999 accessum
981 1935 1073 2015 regis
1085 1930 1281 2015 Anglorum
1296 1953 1357 1997 ex·

411 2038 539 2102 ercitus
556 2036 774 2101 Christianus
790 2042 911 2098 contra
926 2035 1046 2098 urbem
1062 2035 1239 2098 obsessam
1260 2034 1358 2097 inva-

411 2136 489 2216 luit,
515 2143 623 2218 atque
646 2135 736 2199 infra
753 2135 843 2198 diem
861 2133 1071 2198 tricesimum
1087 2133 1175 2198 tanti
1192 2133 1357 2215 temporis

412 2236 569 2318 tantique
609 2234 745 2299 sudoris
787 2234 963 2316 negotium
1005 2233 1160 2316 ejusdem
1206 2233 1356 2296 maxime

412 2335 504 2416 regis
541 2335 688 2398 ferventi
724 2334 927 2417 potentique
963 2351 1069 2415 opera
1105 2332 1244 2415 egregie
1277 2351 1357 2395 con·

409 2433 608 2497 summovit.
704 2430 708 2436 '

558 2655 709 2738 Quomodo
722 2661 812 2723 Acro
828 2667 921 2744 capta
935 2667 977 2724 ast
990 2667 1019 2724 et
1032 2665 1216 2745 obpugnata.

465 2805 579 2888 Igitur
606 2809 689 2872 urbs
716 2809 860 2890 insignis
888 2809 1109 2875 Ptolomaida
1137 2829 1242 2892 quam
1268 2829 1358 2872 nunc

414 2901 543 2969 Acram
569 2907 700 2986 dicunt,
723 2917 909 2991 postquam
929 2910 1125 2974 obsidentes
1145 2910 1361 2974 Christianos

413 3003 523 3072 multo
550 3013 585 3070 et
610 3006 773 3072 diuturno
800 3008 919 3074 labore
946 3010 1115 3085 exercuit,
1139 3008 1278 3074 tandem
1302 3029 1361 3074 ex·

413 3114 569 3186 pugnata
603 3113 668 3184 est,
700 3127 791 3172 auno
824 3128 847 3173 a
881 3117 984 3192 partu
1018 3109 1175 3190 Virginis
1210 3125 1361 3184 naxon,

247 3226 366 3316 Quae-y,
415 3217 448 3272 v,
469 3204 546 3272 idus
566 3203 589 3269 J
592 3207 655 3274 uiii
665 3201 695 3280 ;⁵
715 3226 806 3271 anno
821 3228 866 3271 ex
882 3228 951 3290 quo
965 3209 1002 3271 in
1018 3227 1141 3272 manus
1166 3207 1359 3272 Tureorum

286 3288 300 3326 7
334 3303 340 3317 ‘
412 3303 579 3370 inciderat
599 3314 734 3394 quarto.
781 3307 939 3390 Denique
964 3307 1141 3372 fortissimi
1161 3325 1360 3389 propugna-

413 3409 506 3472 tores
542 3405 618 3488 ejus
659 3426 739 3472 cum
770 3406 846 3490 jam
889 3406 1162 3472 Christianorum
1195 3406 1362 3470 machinis

412 3505 541 3568 moenia
569 3504 740 3581 cederent,
759 3514 1020 3589 ⁴eernerentque
1035 3507 1275 3594 ,ineptiorem
1310 3506 1361 3584 in·

448 3712 602 3767 ¹‘hostibus
629 3719 732 3780 perdiu,
759 3721 874 3783 proditus
935 3718 1039 3783 ⁴‘sed,’
1053 3722 1110 3771 Ms.
1123 3721 1218 3772 hunsd.

411 3785 488 3833 simul
513 3787 570 3846 ipse
594 3789 760 3849 perditusque
781 3788 874 3852 simul,'
935 3787 1016 3839 ‘The
1039 3792 1174 3842 surrender
1196 3791 1226 3842 oi
1250 3792 1317 3844 Aere
1341 3795 1363 3844 is

412 3854 468 3904 MS.
480 3854 546 3906 Geli.
563 3857 651 3917 Arm.;
667 3857 800 3908 ‘hostibus
817 3875 873 3923 pro·
899 3862 1028 3922 generally
1035 3861 1117 3910 stated
1129 3867 1155 3910 to
1165 3861 1230 3912 bave
1242 3865 1364 3914 occurred

409 3923 466 3988 diit,
474 3925 806 3992 proditusqnesimulipse‚’
814 3929 872 3980 MS.
898 3943 931 3978 on
944 3930 989 3979 the
1010 3931 1069 3978 luth
1086 3931 1116 3980 oi
1131 3931 1204 3992 July.
1242 3933 1307 3984 Rad.
1331 3935 1363 3984 de

410 3995 477 4046 Coti.
488 3996 546 4047 Tib.
898 3999 1094 4063 Diceto,1mag.
1112 4000 1192 4063 Hist,
1205 4001 1277 4053 Hist.
1295 4005 1363 4066 Aug.

444 4063 455 4093 '
470 4066 595 4128 Supplied
607 4065 671 4116 from
682 4065 741 4118 MS.
754 4068 849 4118 Lausd.
896 4069 1248 4133 Scriptaetedssbvysdem
1259 4072 1365 4135 Bromp-

441 4132 457 4252 ἑ
470 4133 615 4254 ἂαωὲυζξ
632 4138 708 4189 MSS.
720 4139 787 4189 coll.
800 4139 870 4188 Arm.
896 4144 948 4201 ton,
961 4139 1031 4190 Hist.
1044 4141 1293 4203 Ang.Soript.1205.

408 4218 440 4252 an
507 4211 536 4257 tt.
569 4208 603 4255 1.
