3116 4990
396 484 566 534 wanrnnr
591 487 638 532 nu
660 485 942 543 numinenunon.
1081 469 1146 534 163

193 661 255 722 pro
272 661 338 706 saa
358 642 562 707 liberatione
580 661 602 705 a
619 659 756 706 carcere
769 639 1005 708 Asohalouam
1020 642 1141 707 ‘Sala-
1170 661 1290 702 menuae

191 740 304 808 diuo’¹
323 742 533 819 tradidisset,
550 741 593 806 de
609 742 815 824 captivitate
832 761 990 808 reversus
1008 742 1139 825 Tyrum
1152 713 1280 845 ,affl

192 842 297 907 veuit.
352 841 509 924 Cumque
534 842 666 925 Tyrum
693 851 857 924 tanquam
878 842 938 925 jus
963 843 1095 925 regium
1118 847 1304 908 a·¹¹⁰⁰²··¹⁰²¹‘⁰

191 941 389 1008 marchione
421 943 629 1024 poposcerit,
663 948 697 1006 et
729 942 883 1006 marchio
914 944 1033 1008 urbem
1061 896 1305 1008 tan-iffiw

192 1060 296 1122 quam
325 1041 483 1106 hostibus
509 1043 705 1125 expositam
734 1049 771 1106 et
800 1061 822 1106 a
851 1061 889 1108 se
918 1062 997 1108 cum
1030 1045 1140 1110 multo

191 1140 310 1206 labore
336 1149 511 1206 servatam
536 1142 646 1206 modis
674 1141 726 1205 illi
754 1142 911 1208 omnihus
940 1143 1137 1224 denegaret,

191 1241 334 1306 secessit
355 1241 536 1323 Tripolim,
559 1249 594 1306 et
614 1241 840 1323 ‘aggregatis
862 1242 928 1306 sibi
945 1242 1140 1325 plurimis'²

193 1339 383 1406 marchioni
403 1349 478 1405 erat
499 1341 657 1406 infestus.
711 1339 786 1405 Illis
805 1341 924 1423 itaque
943 1341 1138 1424 disceptan-

192 1439 296 1517 tibus,
312 1446 348 1504 et
366 1440 444 1504 aliis
462 1441 600 1524 quidem
621 1460 684 1523 pro
705 1441 773 1504 isto
796 1439 873 1504 aliis
891 1459 972 1505 vero
992 1461 1055 1524 pro
1077 1441 1138 1507 illo

192 1539 448 1617 aemulantibus,
487 1542 626 1605 tandem
658 1547 827 1604 venerunt
859 1539 1136 1615 Ptolemaidem

128 1710 132 1717 ,
191 1646 297 1721 atque
328 1639 364 1704 iu
396 1640 472 1723 ipsa
498 1641 688 1718 obsidione,
718 1640 768 1705 ita
798 1640 884 1704 locis
914 1640 1069 1720 distincti
1099 1648 1139 1706 ut

192 1739 327 1815 animis,
342 1739 487 1806 multam
511 1748 591 1823 post
613 1759 651 1805 se
675 1741 811 1805 turbam
832 1740 1033 1820 trahebaut3
1057 1740 1139 1806 dum

190 1845 370 1921 potentum
390 1840 528 1922 plurimi
546 1848 664 1923 partes
685 1840 865 1922 oppositas
887 1839 1034 1905 diversis
1060 1860 1139 1921 pro·

191 1947 417 2020 sequerentur
431 1939 620 2005 favoribus.
672 1940 831 2022 Denique
846 1959 909 2004 rex
926 1935 1138 2004 Fraucdrum

190 2038 302 2104 eidem
324 2039 514 2104 marchioni
541 2040 744 2123 propensius
765 2040 919 2103 favorem
946 2058 1139 2104 accommo-

190 2137 290 2217 dans,
312 2145 417 2222 atque
433 2137 536 2205 ‘eo'³
553 2140 613 2223 qui
637 2159 782 2222 regnum
804 2137 1038 2204 Christianum
1062 2159 1139 2222 per·

189 2238 338 2316 diderat,
366 2238 534 2304 ‘illum'⁴
567 2239 628 2322 qui
659 2239 823 2320 reliquias
857 2238 982 2304 saltem
1011 2257 1138 2321 parvas

190 2338 402 2416 salvaverat,
428 2339 537 2404 eidem
565 2358 672 2421 reguo
700 2339 868 2421 aptiorem
896 2338 1138 2420 pronuncians,

192 2446 327 2522 partem
345 2429 575 2503 ‘Gnidonis'⁵
591 2458 654 2521 pro
671 2445 824 2520 tempore
841 2437 1040 2504 infirmavit.
1093 2438 1140 2504 Et

190 2557 272 2601 cum
287 2538 426 2603 tandem
441 2559 504 2602 rex
519 2537 714 2620 Auglorum
732 2544 812 2620 post
827 2537 955 2602 factam
970 2538 1004 2600 in
1023 2537 1139 2619 Cypro

191 2657 324 2700 moram
369 2639 607 2715 neeessariam,
634 2693 636 2700 ,
645 2637 720 2722 jam
765 2637 913 2715 adesset,
953 2637 1049 2702 nisus
1088 2646 1141 2702 est

191 2757 272 2800 eum
295 2757 359 2801 rex
383 2738 541 2802 Franciae
567 2737 611 2801 ad
638 2755 736 2800 suam
763 2736 899 2801 trahere
923 2735 1141 2813 sententiam,

193 2836 350 2918 allegans
373 2837 543 2919 potiorem
565 2855 641 2901 esse
665 2837 891 2919 paucularum
914 2836 1037 2900 saltem
1061 2835 1140 2899 reli·

192 2937 354 3018 quiarum
377 2936 583 3002 Christianae
606 2936 783 3019 religionis
805 2935 1013 3002 salvatorem
1037 2954 1142 3016 quam

192 3037 291 3118 regui
331 3035 520 3102 Christiani
555 3036 775 3119 perditorem.
828 3035 909 3100 Rex
947 3054 1030 3100 vero
1066 3033 1141 3098 Au-

192 3134 329 3217 glorum
355 3155 424 3200 nou
452 3135 640 3218 adquievit,
666 3135 808 3218 pronior
826 3136 868 3200 in
895 3142 1029 3217 partem
1056 3132 1142 3196 Gui-

192 3235 303 3312 donis,
326 3233 495 3318 Aquitani
516 3235 649 3301 scilieet
671 3234 831 3313 hominis,
851 3235 951 3319 cujus
974 3240 1050 3298 tota
1064 3251 1142 3314 pro·
1259 3311 1260 3316 ἵ

191 3335 367 3418 pinquitas
399 3337 464 3399 suh
495 3353 577 3417 rege
608 3336 735 3417 agebat
768 3335 917 3417 Angliae.
982 3332 1142 3415 Denique

191 3435 350 3516 allegans
386 3454 449 3518 pro
485 3454 539 3512 eo,
567 3439 591 3470 “
606 3435 804 3515 Regnum,''
832 3434 959 3516 iuquit,
989 3432 1143 3498 “Chris-

192 3534 326 3599 tiauum
349 3534 500 3618 perdidit
520 3553 588 3598 nou
606 3539 616 3572 ‘
627 3523 833 3617 prodidit:'⁶
858 3554 926 3598 nou
947 3533 1038 3597 enim
1056 3531 1142 3595 illud

190 3653 256 3699 sua
286 3634 343 3699 vel
380 3635 534 3717 nequitia
561 3634 617 3698 vel
646 3633 859 3715 negligentia
894 3634 970 3697 sive
1001 3632 1143 3714 ignavia

191 3733 373 3812 ‘hostibus
396 3733 559 3817 prodidit,
580 3732 641 3798 sed
665 3732 741 3797 aliis
763 3732 970 3817 nequissime
995 3731 1143 3815 proden-

191 3833 298 3911 tibus
322 3834 397 3916 ipse
423 3832 643 3916 inculpabilis
670 3833 831 3915 perdidit,
855 3832 1013 3916 proditus
1040 3828 1143 3896 simul

228 4043 236 4076 ¹
254 4045 369 4096 Omitted
380 4047 407 4094 in
418 4045 476 4096 MS.
489 4043 582 4094 Laned.
718 4041 729 4073 ⁴
746 4043 754 4070 ‘
762 4043 833 4091 illum
866 4056 925 4092 vero
958 4037 1147 4100 marchionem,’

185 4135 191 4144 ·
227 4113 423 4180 ”aggregatos
448 4115 497 4165 eibi
516 4112 657 4177 plurim0s‚'
684 4113 741 4164 MS.
754 4111 848 4162 Lansd.

192 4185 359 4236 MS.Laned.
718 4173 885 4241 ⁸‘alteriue’
897 4180 952 4230 MS.
966 4178 1060 4229 Laued.
1135 4225 1142 4237 ,,

227 4254 239 4286 ⁸
253 4254 366 4317 ‘Guydo
377 4249 426 4317 eu,'
439 4255 495 4306 MS.
509 4253 603 4304 Lausd.
717 4247 729 4278 ⁶
744 4249 874 4316 ‘prodiit,’
885 4249 961 4300 MSS.

960 4349 980 4384 rr
992 4339 1008 4388 2
