3134 4990
407 517 576 564 warram
601 519 649 566 nu
671 519 954 570 nuumunuucu.
1081 502 1146 572 197

194 664 348 731 indicens
367 669 510 735 ‘hostile
528 659 754 753 propositum’
767 669 778 704 ¹
793 671 1001 738 declaravit:
1025 674 1144 757 displi-
1173 698 1295 740 artaudi.

195 765 336 850 cuitque
358 789 414 834 res
436 771 513 851 ipsa
535 771 885 853 imperatori-etsuis
907 773 1077 838 nobilibus
1100 795 1141 838 eo
1157 749 1308 813 Q

197 865 288 944 quod
311 867 502 933 inauditum
530 877 565 933 et
594 870 792 933 indecorum
816 871 916 935 valde
938 873 985 936 sit
1009 873 1139 938 bomini
1279 894 1282 900 ·

196 963 312 1030 vincto
347 976 382 1033 et
415 970 469 1032 sui
502 970 639 1052 penitus
668 971 790 1050 impoti
819 971 947 1035 bellum
978 974 1141 1052 indicere,

194 1066 400 1150 scripsitque
417 1070 449 1132 ei
473 1069 659 1151 imperator
680 1071 906 1153 supplicando
928 1079 968 1136 ut
990 1093 1012 1136 a
1034 1075 1141 1139 vincti

194 1164 297 1228 rebus
315 1169 519 1248 quiesceret,
532 1175 566 1233 et
578 1169 697 1233 saltem
717 1190 827 1251 usque
845 1171 889 1234 ad
905 1180 1042 1254 tempus
1060 1179 1140 1238 ‘so-

191 1262 373 1330 lutionis'²
395 1269 431 1330 in
452 1287 539 1350 pace
560 1275 727 1332 maneret.
779 1269 888 1335 Porro
903 1291 965 1334 rex
981 1273 1139 1338 Franciae

191 1382 260 1426 non
295 1366 533 1448 adquiescens
558 1370 627 1432 imo
657 1369 833 1451 promissis
861 1371 1058 1450 ingentibus
1084 1375 1139 1438 vel

191 1468 451 1547 coaequantibus
468 1469 523 1531 rel
541 1469 785 1532 excedentibus
800 1489 967 1533 summam
984 1491 1005 1534 a
1020 1473 1138 1538 vincto

190 1567 407 1645 promissam,
433 1568 674 1650 imperatorem
694 1571 842 1634 tentavit
858 1589 1076 1653 corrumpere
1097 1580 1138 1637 ut

190 1665 335 1728 eundem
361 1667 513 1731 vinctum
543 1669 609 1731 sibi
638 1669 774 1732 cautius
805 1670 956 1734 traderet
985 1671 1137 1735 custodi-

190 1763 328 1841 endum,
344 1766 499 1848 allegans
523 1767 686 1830 mundum
712 1771 871 1850 componi
896 1761 963 1833 non
983 1791 1086 1852 posse
1106 1774 1136 1836 si

190 1868 308 1927 tantus
322 1867 481 1930 turbator
496 1868 719 1949 irrumperet:
743 1878 1021 1952 congregatoque
1037 1891 1136 1935 exer·
1151 1896 1230 1935 aare·
1240 1897 1293 1936 uo.

189 1961 260 2026 citu
292 1967 411 2028 statim
437 1968 566 2032 invasit
593 1967 856 2045 Normauniam,
884 1975 919 2032 et
946 1969 1136 2033 Gisortium
1150 1947 1302 2045 inadibili.

190 2064 305 2127 nobile
332 2068 512 2130 castellum
542 2064 695 2131 custodis
724 2068 833 2148 ipsius
858 2069 1051 2150 proditione
1082 2090 1136 2134 re·
1149 2046 1303 2138 mm

190 2165 293 2245 cepit,
317 2172 351 2228 et
373 2166 416 2229 ad
444 2167 514 2230 alia
541 2167 684 2231 castella
709 2187 746 2230 se
768 2167 942 2232 divertens
965 2168 1135 2233 neminem

189 2265 404 2328 resistentem
421 2265 561 2331 invenit.
614 2266 770 2348 Cumque
782 2266 860 2350 jam
877 2265 1136 2346 Albemarliam,

189 2360 344 2445 Augum,
362 2373 467 2448 atque
489 2366 559 2429 alia
581 2367 725 2450 castella
746 2367 895 2448 plurima
917 2369 951 2429 in
975 2368 1050 2451 ejus
1073 2389 1136 2450 po-

190 2469 350 2528 testatem
392 2467 609 2542 transissent,
639 2466 856 2547 metropolim
900 2466 1137 2547 Normanniae,

191 2561 452 2646 Rothomagum
482 2566 626 2642 scilicet,
656 2586 734 2629 oum
760 2565 914 2630 exercitu
940 2566 1036 2632 adiit.
1088 2567 1138 2633 At

190 2683 303 2727 comes
328 2664 597 2747 LeycestrensiS,
622 2660 680 2747 qul
707 2684 786 2729 cum
816 2685 897 2747 rege
925 2666 1077 2730 Ricardo
1102 2670 1138 2731 iu

189 2765 349 2828 orientali
364 2765 585 2847 expeditione
602 2765 785 2829 fidissimus
798 2766 924 2843 fuerat,
940 2767 1045 2848 paulo
1058 2775 1138 2832 ante

189 2865 307 2928 urbem
344 2864 520 2946 ingressus
553 2865 684 2928 animos
714 2865 842 2929 civium
873 2867 997 2942 erexit,
1033 2873 1067 2930 et
1099 2875 1138 2931 ut

189 2963 334 3028 viriliter
361 2957 505 3046 agerent
533 2966 671 3046 egregie
702 2965 888 3029 roboravit.
935 2965 1014 3029 Rex
1041 2987 1137 3044 vero,

188 3064 272 3127 urbe
287 3084 349 3146 per
363 3065 436 3128 dies
451 3065 584 3146 aliquot
595 3064 724 3129 frustra
739 3072 940 3146 oppugnata
952 3073 985 3128 et
996 3065 1137 3147 jactura

188 3164 311 3247 majori
323 3172 466 3247 accepta
480 3183 584 3246 quam
599 3164 697 3227 illata
712 3165 863 3241 recessit,
876 3172 911 3228 et
926 3165 970 3227 ad
982 3164 1137 3230 faciliora

189 3265 328 3345 negotia
352 3266 542 3328 exercitum
567 3281 746 3340 revocans,
769 3264 977 3327 munitiones
1004 3264 1136 3328 nobiles

188 3361 359 3446 ‘Pascy‘'³
371 3371 406 3427 et
420 3369 430 3398 ‘
442 3361 591 3444 Luery’⁴
608 3364 737 3446 absque
755 3361 955 3426 difficultate
966 3362 1135 3428 obtinuit:
1149 3435 1152 3443 ¹

189 3469 270 3526 tunc
295 3463 338 3526 ad
361 3462 576 3528 sraenaudum
599 3465 764 3546 impetum
785 3462 860 3546 ejus
883 3482 946 3544 pro
969 3469 1136 3544 tempore,

187 3563 237 3625 illi
255 3564 314 3644 qui
338 3560 491 3627 ‘vices'⁵
514 3562 621 3626 vincti
639 3564 806 3644 gerebant
826 3562 983 3626 inducias
1000 3561 1043 3625 ad
1061 3582 1135 3626 cer·

188 3672 260 3728 tum
277 3671 412 3746 tempus
428 3663 577 3744 ingentis
594 3679 736 3726 summae
749 3663 908 3744 pactione
919 3661 1135 3726 redimendas

188 3763 372 3838 duxeruut,
388 3770 422 3826 et
437 3769 587 3845 quatuor
603 3760 744 3825 castella
761 3761 871 3826 electa
888 3761 965 3824 loco
982 3763 1135 3844 pigneris

186 3862 410 3927 tradiderunt.

222 4061 229 4091 ¹
258 4065 395 4113 ‘hostilem
432 4064 562 4126 animum,'
590 4064 648 4113 MS.
710 4062 850 4124 ⁴‘Lueri,'
869 4062 926 4110 MS.
938 4062 1141 4121 Lansd.;‘Iru-
1188 4059 1190 4068 ‘

186 4136 282 4185 Lausd.
673 4133 750 4194 ercy,’
763 4132 820 4182 MS.
833 4131 900 4180 Cott.
911 4131 968 4180 Tib.

221 4202 232 4234 ²
248 4200 374 4265 Supplied
385 4204 448 4252 from
461 4202 520 4252 MS.
532 4203 627 4252 Lausd.

222 4272 536 4335 ³‘Pasci,'MS.Lansd.
710 4269 812 4332 '‘resss
824 4271 881 4320 MS.
893 4271 987 4320 Lansd.
1075 4275 1082 4326 ζ
