3130 4990
384 469 450 534 284
751 484 962 531 cuuorucori

234 657 358 750 {effi}
387 642 494 707 Carta
513 642 633 706 nostre
653 642 695 705 de
717 642 872 706 Foresta.
920 641 966 704 Et
980 640 1140 704 volumus
1158 647 1194 704 et
1213 642 1336 722 praeci·

220 739 366 774 .-·-..
384 743 498 824 pimus
529 762 592 824 pro
632 742 730 805 uobis
771 750 806 805 ot
843 740 1035 803 haeredibus
1077 739 1204 803 uostris
1242 741 1335 822 quod

384 841 521 923 praefati
542 841 659 905 fideles
682 841 790 904 nostri
817 847 853 903 et
877 858 1095 903 successores
1120 846 1155 903 et
1180 839 1334 902 haeredes

341 1019 345 1026 Ι
384 959 502 1004 eorum
527 940 677 1004 habeant
704 947 739 1004 et
765 947 907 1003 teneant
931 939 967 1001 in
991 947 1196 1020 perpetuum
1218 958 1335 1002 omues

384 1039 561 1105 libertates
599 1047 634 1103 et
675 1038 801 1102 liberas
837 1037 1103 1102 consuetudines
1138 1037 1335 1119 praedictas
1369 1067 1388 1120 5

385 1158 454 1202 nou
477 1140 638 1203 obstante
659 1158 700 1202 eo
723 1139 814 1220 quod
839 1137 1011 1219 praedictae
1038 1143 1143 1200 cartee
1168 1136 1334 1200 confectae

385 1237 523 1301 fuerunt
543 1258 620 1302 cum
643 1237 782 1300 minoris
805 1255 958 1300 essemus
979 1236 1105 1313 aetatis,
1131 1244 1169 1298 ut
1189 1235 1334 1317 praedic-

384 1344 458 1399 tum
475 1344 539 1401 est.
582 1337 662 1400 Hiis
678 1337 835 1412 testibus,
852 1336 1103 1398 venerabilibus
1118 1337 1274 1416 patribus
1291 1335 1332 1399 Ε.

385 1436 641 1517 archiepiscopo
672 1434 923 1511 Cantuariensi,
956 1434 997 1497 P.
1023 1434 1267 1510 Wiutonieusi,
1295 1433 1332 1496 J.

385 1535 621 1610 Bathouiensi,
633 1534 678 1598 R.
694 1534 934 1610 Duuolmeusi,
953 1533 999 1597 R.
1018 1533 1260 1608 Londouiensi,
1274 1533 1331 1597 W.
1350 1562 1387 1618 10

387 1632 617 1709 Karleoleusi,
640 1633 697 1697 W.
720 1633 922 1709 Exouieusi,
946 1632 991 1696 R.
1010 1632 1264 1708 Saresbirieusi,
1282 1632 1331 1696 H.

386 1732 536 1814 Elyeusi,
549 1732 596 1796 R.
608 1732 850 1808 Liucoluieusi,
869 1731 913 1795 R.
926 1731 1185 1805 Herefordeusi,
1202 1729 1245 1793 A.
1264 1730 1333 1794 Co·

384 1832 558 1895 ventrensi
571 1839 607 1895 et
618 1831 879 1914 Lychefcldensi
897 1832 1078 1912 episcopie,
1093 1830 1151 1894 W.
1168 1829 1332 1894 Valenc’¹

384 1939 419 1994 et
443 1930 501 1994 W.
516 1930 762 2012 Wygornieusi
785 1931 914 2007 electis
934 1930 980 1994 R.
1003 1931 1126 1994 comite
1148 1928 1332 1993 Coruuhiae

383 2037 418 2092 et
437 2029 618 2106 Pictaviae,
632 2030 669 2094 J.
682 2032 805 2094 comite
822 2028 966 2092 Cestriae
980 2036 1016 2092 et
1033 2029 1279 2103 Huutedoniae,
1296 2028 1331 2091 J.
1349 2042 1386 2100 15

382 2129 507 2192 comite
517 2129 704 2193 Lincolniae
714 2129 968 2193 constabulario
980 2127 1331 2204 Cestriae,G.Mares-

382 2229 471 2291 callo
495 2229 619 2291 comite
641 2227 870 2304 Pembrokiae,
895 2228 954 2292 W.
979 2229 1103 2291 comite
1125 2228 1167 2290 de
1195 2227 1333 2304 Ferrar,

381 2326 440 2389 W.
475 2327 597 2389 comite
629 2326 827 2403 Warennee‚
857 2326 906 2391 H.
933 2328 1056 2390 comite
1092 2325 1245 2403 Kantiae,
1280 2327 1331 2391 H.

381 2425 504 2488 comite
519 2425 673 2488 Essexiae
689 2433 724 2488 et
740 2426 967 2503 Herefordiac,
984 2427 1122 2489 Simone
1137 2425 1179 2488 de
1195 2425 1332 2488 Monte·

302 2548 304 2554 ·
380 2523 473 2599 forti,
483 2524 670 2588 Willielmo
683 2525 879 2607 Lungespe‚
892 2525 1079 2588 Willielmo
1091 2525 1133 2588 de
1147 2524 1330 2600 Ferrariis,
1346 2539 1386 2596 20

379 2622 567 2687 Willielmo
587 2623 629 2687 de
647 2623 777 2708 Vesoy,
801 2624 952 2689 Ricardo
968 2625 1010 2687 de
1028 2623 1153 2706 Percy,
1178 2623 1331 2687 Ricardo

383 2722 426 2785 de
442 2723 646 2799 Muufiohet,
663 2724 850 2787 Willielmo
866 2723 908 2786 de
924 2722 1011 2799 Rue,
1028 2723 1051 2785 J
1055 2722 1190 2785 ohanne
1206 2722 1330 2804 Byset,

381 2819 539 2883 Gilberto
549 2821 592 2883 de
603 2821 1050 2897 Umframville,Willielmo
1061 2821 1103 2885 de
1113 2821 1330 2896 Leucastria,

379 2917 567 2982 Williclmo
600 2919 642 2981 de
673 2918 869 3001 Cautilup0,
906 2921 1065 2984 Waltero
1096 2921 1140 2984 de
1174 2920 1329 2996 clifford,

379 3017 402 3079 J
406 3017 541 3080 ohanne
566 3017 762 3094 Mouemue,
783 3018 970 3101 Radulpho
997 3019 1039 3082 de
1059 3019 1202 3083 Mortuo
1223 3019 1330 3097 Mari,
1344 3036 1385 3092 25

379 3115 567 3179 Williclruo
584 3115 758 3192 Mauduit,
773 3117 914 3199 Rogero
929 3119 962 3182 la
979 3118 1110 3196 Zucbe,
1127 3119 1268 3184 Olivero
1285 3119 1329 3182 de

378 3213 550 3292 Vellibus,
578 3213 735 3280 Gilberto
759 3215 893 3293 Basset,
912 3225 946 3280 et
972 3218 1059 3281 aliis.
1112 3211 1243 3280 Datum
1268 3237 1337 3298 per.

377 3332 518 3377 manum
530 3315 734 3379 venerabilis
745 3317 854 3396 patris
869 3316 913 3380 R.
925 3315 1163 3398 Cycestreusis
1175 3317 1331 3397 episcopi

377 3412 572 3476 cancellarii
588 3415 697 3477 nostri
712 3413 803 3496 apud
822 3414 1171 3479 westmonasterium
1187 3431 1328 3478 xxvrrr.

376 3509 431 3574 die
454 3510 477 3573 J
481 3513 614 3574 aunarii
636 3532 726 3576 anuo
749 3514 846 3593 regui
878 3514 987 3577 nostri
1016 3515 1180 3577 vicesimo
1202 3515 1328 3596 primo.
1345 3516 1386 3572 30

377 3608 423 3670 Et
438 3611 474 3671 in
490 3629 581 3673 euno
598 3612 755 3690 sequenti
770 3612 918 3676 dabatur
932 3613 1006 3692 regi
1020 3613 1207 3677 tricesima.

410 3778 419 3810 ¹
436 3781 517 3830 There
528 3797 570 3830 are
580 3784 677 3832 several
688 3783 835 3834 documents
860 3787 1091 3848 lence,meutioued
1103 3789 1129 3836 iu
1138 3786 1256 3848 Ryruer’s
1269 3786 1331 3834 Foe-

374 3850 513 3900 addressed
530 3856 556 3899 to
576 3852 627 3902 this
647 3853 721 3901 Elect
736 3853 765 3901 of
782 3855 834 3903 Va·
860 3855 930 3906 dere.
