<?xml version="1.0" encoding="UTF-8"?>
<!DOCTYPE html PUBLIC "-//W3C//DTD XHTML 1.0 Transitional//EN"
    "http://www.w3.org/TR/xhtml1/DTD/xhtml1-transitional.dtd">
<html xmlns="http://www.w3.org/1999/xhtml" xml:lang="en" lang="en">
 <head>
  <title>
</title>
<meta http-equiv="Content-Type" content="text/html;charset=utf-8" />
  <meta name='ocr-system' content='tesseract 3.04.00' />
  <meta name='ocr-capabilities' content='ocr_page ocr_carea ocr_par ocr_line ocrx_word'/>
</head>
<body>
  <div class='ocr_page' id='page_1' title='image "./chronicondomini01hamigoog_0191.png"; bbox 0 0 3116 4990; ppageno 0'>
   <div class='ocr_carea' id='block_1_1' title="bbox 333 451 1146 516">
    <p class='ocr_par' dir='ltr' id='par_1_1' title="bbox 333 451 1146 516">
     <span class='ocr_line' id='line_1_1' title="bbox 333 451 1146 516; baseline 0 -1"><span class='ocrx_word' id='word_1_1' title='bbox 333 465 335 468; x_wconf 88' lang='grc'><strong><em>·</em></strong></span> <span class='ocrx_word' id='word_1_2' title='bbox 396 463 568 515; x_wconf 69' lang='lat' dir='ltr'><strong>wanrnnr</strong></span> <span class='ocrx_word' id='word_1_3' title='bbox 593 465 640 512; x_wconf 86' lang='lat' dir='ltr'><strong>nn</strong></span> <span class='ocrx_word' id='word_1_4' title='bbox 663 466 945 515; x_wconf 79' lang='lat' dir='ltr'><strong>unulnoauncu.</strong></span> <span class='ocrx_word' id='word_1_5' title='bbox 1080 451 1146 516; x_wconf 88' lang='grc'><strong>169</strong></span> 
     </span>
    </p>
   </div>
   <div class='ocr_carea' id='block_1_2' title="bbox 192 620 1312 2303">
    <p class='ocr_par' dir='ltr' id='par_1_2' title="bbox 192 620 1312 906">
     <span class='ocr_line' id='line_1_2' title="bbox 192 620 1296 730; baseline -0.009 -42"><span class='ocrx_word' id='word_1_6' title='bbox 192 632 321 688; x_wconf 87' lang='lat' dir='ltr'><strong>terram</strong></span> <span class='ocrx_word' id='word_1_7' title='bbox 348 624 458 706; x_wconf 86' lang='lat' dir='ltr'><strong>patris</strong></span> <span class='ocrx_word' id='word_1_8' title='bbox 484 622 594 687; x_wconf 83' lang='lat' dir='ltr'><strong>nostri</strong></span> <span class='ocrx_word' id='word_1_9' title='bbox 621 629 657 686; x_wconf 86' lang='lat' dir='ltr'><strong>et</strong></span> <span class='ocrx_word' id='word_1_10' title='bbox 681 620 769 686; x_wconf 86' lang='lat' dir='ltr'><strong>Jesu</strong></span> <span class='ocrx_word' id='word_1_11' title='bbox 793 621 1017 699; x_wconf 66' lang='lat' dir='ltr'><strong>chrismari</strong></span> <span class='ocrx_word' id='word_1_12' title='bbox 1041 632 1144 689; x_wconf 86' lang='lat' dir='ltr'><strong>natus</strong></span> <span class='ocrx_word' id='word_1_13' title='bbox 1170 638 1296 730; x_wconf 54' lang='lat' dir='ltr'><strong>prgalrffl.</strong></span> 
     </span>
     <span class='ocr_line' id='line_1_3' title="bbox 192 716 1312 806; baseline 0 -19"><span class='ocrx_word' id='word_1_14' title='bbox 192 743 257 806; x_wconf 90' lang='lat' dir='ltr'><strong>pro</strong></span> <span class='ocrx_word' id='word_1_15' title='bbox 270 725 380 800; x_wconf 88' lang='lat' dir='ltr'><strong>nobis,</strong></span> <span class='ocrx_word' id='word_1_16' title='bbox 395 742 531 806; x_wconf 89' lang='lat' dir='ltr'><strong>passus,</strong></span> <span class='ocrx_word' id='word_1_17' title='bbox 545 729 713 799; x_wconf 85' lang='lat' dir='ltr'><strong>mortuus,</strong></span> <span class='ocrx_word' id='word_1_18' title='bbox 727 729 761 785; x_wconf 88' lang='lat' dir='ltr'><strong>et</strong></span> <span class='ocrx_word' id='word_1_19' title='bbox 774 721 932 804; x_wconf 84' lang='lat' dir='ltr'><strong>sepultus</strong></span> <span class='ocrx_word' id='word_1_20' title='bbox 947 730 1013 800; x_wconf 86' lang='lat' dir='ltr'><strong>est,</strong></span> <span class='ocrx_word' id='word_1_21' title='bbox 1023 723 1060 787; x_wconf 91' lang='lat' dir='ltr'><strong>in</strong></span> <span class='ocrx_word' id='word_1_22' title='bbox 1074 743 1145 806; x_wconf 88' lang='lat' dir='ltr'><strong>qua</strong></span> <span class='ocrx_word' id='word_1_23' title='bbox 1162 716 1312 754; x_wconf 78' lang='lat'>-‘&#39;···&#39;·</span> 
     </span>
     <span class='ocr_line' id='line_1_4' title="bbox 192 821 1145 906; baseline 0.002 -20"><span class='ocrx_word' id='word_1_24' title='bbox 192 843 257 889; x_wconf 87' lang='lat' dir='ltr'><strong>nos</strong></span> <span class='ocrx_word' id='word_1_25' title='bbox 282 843 346 888; x_wconf 88' lang='lat' dir='ltr'><strong>suo</strong></span> <span class='ocrx_word' id='word_1_26' title='bbox 371 823 620 906; x_wconf 88' lang='lat' dir='ltr'><strong>pretiosissimo</strong></span> <span class='ocrx_word' id='word_1_27' title='bbox 643 822 812 903; x_wconf 82' lang='lat' dir='ltr'><strong>sanguine</strong></span> <span class='ocrx_word' id='word_1_28' title='bbox 842 821 998 899; x_wconf 81' lang='lat' dir='ltr'>redemit,</span> <span class='ocrx_word' id='word_1_29' title='bbox 1024 831 1059 888; x_wconf 85' lang='lat' dir='ltr'><strong>at</strong></span> <span class='ocrx_word' id='word_1_30' title='bbox 1081 837 1145 906; x_wconf 87' lang='lat' dir='ltr'><strong>pro</strong></span> 
     </span>
    </p>

    <p class='ocr_par' dir='ltr' id='par_1_3' title="bbox 194 921 1144 1006">
     <span class='ocr_line' id='line_1_5' title="bbox 194 921 1144 1006; baseline -0.001 -20"><span class='ocrx_word' id='word_1_31' title='bbox 194 930 316 988; x_wconf 89' lang='lat' dir='ltr'><strong>nostra</strong></span> <span class='ocrx_word' id='word_1_32' title='bbox 333 923 554 1005; x_wconf 89' lang='lat' dir='ltr'><strong>omniumque</strong></span> <span class='ocrx_word' id='word_1_33' title='bbox 571 921 684 986; x_wconf 89' lang='lat' dir='ltr'><strong>salute</strong></span> <span class='ocrx_word' id='word_1_34' title='bbox 701 922 814 985; x_wconf 89' lang='lat' dir='ltr'><strong>nudus</strong></span> <span class='ocrx_word' id='word_1_35' title='bbox 839 921 875 984; x_wconf 93' lang='lat' dir='ltr'><strong>in</strong></span> <span class='ocrx_word' id='word_1_36' title='bbox 898 941 999 986; x_wconf 88' lang='lat' dir='ltr'><strong>cruce</strong></span> <span class='ocrx_word' id='word_1_37' title='bbox 1015 943 1144 1006; x_wconf 82' lang='lat' dir='ltr'><strong>pepen-</strong></span> 
     </span>
    </p>

    <p class='ocr_par' dir='ltr' id='par_1_4' title="bbox 195 1021 1250 1404">
     <span class='ocr_line' id='line_1_6' title="bbox 196 1021 1145 1106; baseline 0.002 -20"><span class='ocrx_word' id='word_1_38' title='bbox 196 1022 260 1100; x_wconf 88' lang='lat' dir='ltr'>dit,</span> <span class='ocrx_word' id='word_1_39' title='bbox 288 1041 392 1106; x_wconf 86' lang='lat' dir='ltr'><strong>quam</strong></span> <span class='ocrx_word' id='word_1_40' title='bbox 424 1023 561 1105; x_wconf 87' lang='lat' dir='ltr'><strong>quidem</strong></span> <span class='ocrx_word' id='word_1_41' title='bbox 591 1028 732 1096; x_wconf 86' lang='lat' dir='ltr'><strong>terram,</strong></span> <span class='ocrx_word' id='word_1_42' title='bbox 761 1021 995 1086; x_wconf 82' lang='lat' dir='ltr'><strong>haereditatem</strong></span> <span class='ocrx_word' id='word_1_43' title='bbox 1026 1024 1145 1105; x_wconf 87' lang='lat' dir='ltr'><strong>utique</strong></span> 
     </span>
     <span class='ocr_line' id='line_1_7' title="bbox 196 1119 1250 1204; baseline 0 -19"><span class='ocrx_word' id='word_1_44' title='bbox 196 1131 362 1200; x_wconf 89' lang='lat' dir='ltr'><strong>nostram,</strong></span> <span class='ocrx_word' id='word_1_45' title='bbox 400 1124 483 1204; x_wconf 90' lang='lat' dir='ltr'><strong>quia</strong></span> <span class='ocrx_word' id='word_1_46' title='bbox 521 1141 543 1186; x_wconf 88' lang='lat' dir='ltr'><strong>a</strong></span> <span class='ocrx_word' id='word_1_47' title='bbox 574 1119 771 1186; x_wconf 84' lang='lat' dir='ltr'><strong>‘Christo’¹</strong></span> <span class='ocrx_word' id='word_1_48' title='bbox 809 1120 1054 1198; x_wconf 87' lang='lat' dir='ltr'><strong>Christianam,</strong></span> <span class='ocrx_word' id='word_1_49' title='bbox 1087 1123 1146 1187; x_wconf 88' lang='lat' dir='ltr'><strong>isti</strong></span> <span class='ocrx_word' id='word_1_50' title='bbox 1247 1119 1250 1128; x_wconf 83' lang='grc'><strong>’</strong></span> 
     </span>
     <span class='ocr_line' id='line_1_8' title="bbox 195 1219 1147 1305; baseline -0.002 -19"><span class='ocrx_word' id='word_1_51' title='bbox 195 1223 315 1288; x_wconf 86' lang='lat' dir='ltr'><strong>hostes</strong></span> <span class='ocrx_word' id='word_1_52' title='bbox 343 1221 485 1305; x_wconf 84' lang='lat' dir='ltr'><strong>pessimi</strong></span> <span class='ocrx_word' id='word_1_53' title='bbox 516 1220 559 1286; x_wconf 93' lang='lat' dir='ltr'><strong>de</strong></span> <span class='ocrx_word' id='word_1_54' title='bbox 588 1222 747 1285; x_wconf 84' lang='lat' dir='ltr'><strong>manibus</strong></span> <span class='ocrx_word' id='word_1_55' title='bbox 778 1219 922 1284; x_wconf 82' lang='lat' dir='ltr'><strong>fratrum</strong></span> <span class='ocrx_word' id='word_1_56' title='bbox 950 1228 1147 1286; x_wconf 91' lang='lat' dir='ltr'><strong>nostrorum</strong></span> 
     </span>
     <span class='ocr_line' id='line_1_9' title="bbox 199 1321 1148 1404; baseline -0.002 -17"><span class='ocrx_word' id='word_1_57' title='bbox 199 1322 475 1388; x_wconf 87' lang='lat' dir='ltr'><strong>Christianorum</strong></span> <span class='ocrx_word' id='word_1_58' title='bbox 500 1322 670 1385; x_wconf 85' lang='lat' dir='ltr'><strong>violenter</strong></span> <span class='ocrx_word' id='word_1_59' title='bbox 695 1321 917 1402; x_wconf 80' lang='lat' dir='ltr'><strong>eripuerunt3</strong></span> <span class='ocrx_word' id='word_1_60' title='bbox 952 1321 1040 1385; x_wconf 88' lang='lat' dir='ltr'><strong>hanc</strong></span> <span class='ocrx_word' id='word_1_61' title='bbox 1063 1340 1148 1404; x_wconf 80' lang='lat' dir='ltr'><strong>ergo</strong></span> 
     </span>
    </p>

    <p class='ocr_par' dir='ltr' id='par_1_5' title="bbox 198 1421 1149 1602">
     <span class='ocr_line' id='line_1_10' title="bbox 199 1421 1147 1498; baseline -0.003 -12"><span class='ocrx_word' id='word_1_62' title='bbox 199 1424 230 1486; x_wconf 89' lang='lat' dir='ltr'><strong>si</strong></span> <span class='ocrx_word' id='word_1_63' title='bbox 256 1422 354 1487; x_wconf 89' lang='lat' dir='ltr'><strong>nobis</strong></span> <span class='ocrx_word' id='word_1_64' title='bbox 376 1421 517 1486; x_wconf 88' lang='lat' dir='ltr'><strong>reddere</strong></span> <span class='ocrx_word' id='word_1_65' title='bbox 538 1429 573 1486; x_wconf 88' lang='lat' dir='ltr'><strong>et</strong></span> <span class='ocrx_word' id='word_1_66' title='bbox 600 1421 781 1484; x_wconf 86' lang='lat' dir='ltr'><strong>restituere</strong></span> <span class='ocrx_word' id='word_1_67' title='bbox 798 1421 981 1498; x_wconf 84' lang='lat' dir='ltr'><strong>voluerint,</strong></span> <span class='ocrx_word' id='word_1_68' title='bbox 997 1421 1040 1484; x_wconf 89' lang='lat' dir='ltr'><strong>de</strong></span> <span class='ocrx_word' id='word_1_69' title='bbox 1065 1441 1147 1485; x_wconf 92' lang='lat' dir='ltr'><strong>con·</strong></span> 
     </span>
     <span class='ocr_line' id='line_1_11' title="bbox 198 1520 1149 1602; baseline -0.002 -16"><span class='ocrx_word' id='word_1_70' title='bbox 198 1524 356 1586; x_wconf 85' lang='lat' dir='ltr'>versione</span> <span class='ocrx_word' id='word_1_71' title='bbox 387 1541 515 1587; x_wconf 89' lang='lat' dir='ltr'><strong>eorum-</strong></span> <span class='ocrx_word' id='word_1_72' title='bbox 543 1522 630 1585; x_wconf 88' lang='lat' dir='ltr'><strong>benc</strong></span> <span class='ocrx_word' id='word_1_73' title='bbox 662 1520 751 1584; x_wconf 88' lang='lat' dir='ltr'><strong>diem</strong></span> <span class='ocrx_word' id='word_1_74' title='bbox 781 1520 971 1602; x_wconf 82' lang='lat' dir='ltr'><strong>accipient:</strong></span> <span class='ocrx_word' id='word_1_75' title='bbox 999 1521 1091 1602; x_wconf 94' lang='lat' dir='ltr'><strong>quod</strong></span> <span class='ocrx_word' id='word_1_76' title='bbox 1118 1521 1149 1584; x_wconf 90' lang='lat' dir='ltr'><strong>si</strong></span> 
     </span>
    </p>

    <p class='ocr_par' dir='ltr' id='par_1_6' title="bbox 199 1617 1148 1703">
     <span class='ocr_line' id='line_1_12' title="bbox 199 1617 1148 1703; baseline -0.002 -17"><span class='ocrx_word' id='word_1_77' title='bbox 199 1623 312 1686; x_wconf 86' lang='lat' dir='ltr'><strong>facere</strong></span> <span class='ocrx_word' id='word_1_78' title='bbox 336 1621 519 1698; x_wconf 88' lang='lat' dir='ltr'><strong>noluerint,</strong></span> <span class='ocrx_word' id='word_1_79' title='bbox 545 1638 665 1684; x_wconf 87' lang='lat' dir='ltr'><strong>eamus</strong></span> <span class='ocrx_word' id='word_1_80' title='bbox 682 1617 773 1684; x_wconf 77' lang='lat' dir='ltr'><strong>‘et’²</strong></span> <span class='ocrx_word' id='word_1_81' title='bbox 795 1619 964 1683; x_wconf 86' lang='lat' dir='ltr'><strong>faciamus</strong></span> <span class='ocrx_word' id='word_1_82' title='bbox 990 1621 1148 1703; x_wconf 88' lang='lat' dir='ltr'><strong>proposi-</strong></span> 
     </span>
    </p>

    <p class='ocr_par' dir='ltr' id='par_1_7' title="bbox 200 1720 1304 2303">
     <span class='ocr_line' id='line_1_13' title="bbox 200 1720 1150 1804; baseline -0.003 -17"><span class='ocrx_word' id='word_1_83' title='bbox 200 1731 275 1787; x_wconf 90' lang='lat' dir='ltr'><strong>tum</strong></span> <span class='ocrx_word' id='word_1_84' title='bbox 315 1742 378 1804; x_wconf 90' lang='lat' dir='ltr'><strong>pro</strong></span> <span class='ocrx_word' id='word_1_85' title='bbox 419 1740 488 1804; x_wconf 89' lang='lat' dir='ltr'><strong>quo</strong></span> <span class='ocrx_word' id='word_1_86' title='bbox 519 1739 655 1784; x_wconf 89' lang='lat' dir='ltr'><strong>crucem</strong></span> <span class='ocrx_word' id='word_1_87' title='bbox 686 1720 949 1802; x_wconf 88' lang='lat' dir='ltr'><strong>assumpsimus,</strong></span> <span class='ocrx_word' id='word_1_88' title='bbox 984 1727 1020 1784; x_wconf 89' lang='lat' dir='ltr'><strong>et</strong></span> <span class='ocrx_word' id='word_1_89' title='bbox 1059 1721 1150 1786; x_wconf 91' lang='lat' dir='ltr'><strong>sicut</strong></span> 
     </span>
     <span class='ocr_line' id='line_1_14' title="bbox 202 1819 1151 1903; baseline -0.004 -17"><span class='ocrx_word' id='word_1_90' title='bbox 202 1822 360 1886; x_wconf 88' lang='lat' dir='ltr'><strong>Christus</strong></span> <span class='ocrx_word' id='word_1_91' title='bbox 394 1841 458 1903; x_wconf 90' lang='lat' dir='ltr'><strong>pro</strong></span> <span class='ocrx_word' id='word_1_92' title='bbox 488 1821 587 1885; x_wconf 89' lang='lat' dir='ltr'><strong>nobis</strong></span> <span class='ocrx_word' id='word_1_93' title='bbox 618 1826 775 1883; x_wconf 90' lang='lat' dir='ltr'><strong>mortuus</strong></span> <span class='ocrx_word' id='word_1_94' title='bbox 793 1827 855 1894; x_wconf 88' lang='lat' dir='ltr'><strong>est,</strong></span> <span class='ocrx_word' id='word_1_95' title='bbox 883 1819 934 1883; x_wconf 85' lang='lat' dir='ltr'><strong>sic</strong></span> <span class='ocrx_word' id='word_1_96' title='bbox 959 1826 995 1883; x_wconf 89' lang='lat' dir='ltr'><strong>et</strong></span> <span class='ocrx_word' id='word_1_97' title='bbox 1020 1839 1095 1895; x_wconf 87' lang='lat' dir='ltr'><strong>nos,</strong></span> <span class='ocrx_word' id='word_1_98' title='bbox 1120 1820 1151 1882; x_wconf 89' lang='lat' dir='ltr'><strong>si</strong></span> 
     </span>
     <span class='ocr_line' id='line_1_15' title="bbox 200 1918 1304 2001; baseline -0.004 -17"><span class='ocrx_word' id='word_1_99' title='bbox 200 1939 339 1986; x_wconf 86' lang='lat' dir='ltr'><strong>neccsse</strong></span> <span class='ocrx_word' id='word_1_100' title='bbox 354 1921 469 1997; x_wconf 75' lang='lat' dir='ltr'><strong>inerit,</strong></span> <span class='ocrx_word' id='word_1_101' title='bbox 480 1920 668 1984; x_wconf 83' lang='lat' dir='ltr'><strong>moriamur</strong></span> <span class='ocrx_word' id='word_1_102' title='bbox 685 1939 748 2001; x_wconf 90' lang='lat' dir='ltr'><strong>pro</strong></span> <span class='ocrx_word' id='word_1_103' title='bbox 764 1918 938 1984; x_wconf 85' lang='lat' dir='ltr'><strong>Christo.&#39;&#39;</strong></span> <span class='ocrx_word' id='word_1_104' title='bbox 985 1920 1076 1983; x_wconf 86' lang='lat' dir='ltr'><strong>Haec</strong></span> <span class='ocrx_word' id='word_1_105' title='bbox 1088 1939 1150 1984; x_wconf 87' lang='lat' dir='ltr'><strong>au·</strong></span> <span class='ocrx_word' id='word_1_106' title='bbox 1162 1941 1304 1982; x_wconf 69' lang='lat' dir='ltr'><strong>aurora.</strong></span> 
     </span>
     <span class='ocr_line' id='line_1_16' title="bbox 201 2019 1150 2086; baseline -0.003 -1"><span class='ocrx_word' id='word_1_107' title='bbox 201 2030 272 2086; x_wconf 89' lang='lat' dir='ltr'><strong>tem</strong></span> <span class='ocrx_word' id='word_1_108' title='bbox 297 2029 332 2085; x_wconf 87' lang='lat' dir='ltr'><strong>et</strong></span> <span class='ocrx_word' id='word_1_109' title='bbox 361 2019 488 2085; x_wconf 84' lang='lat' dir='ltr'><strong>similia</strong></span> <span class='ocrx_word' id='word_1_110' title='bbox 509 2020 627 2086; x_wconf 88' lang='lat' dir='ltr'><strong>dicens</strong></span> <span class='ocrx_word' id='word_1_111' title='bbox 650 2019 829 2083; x_wconf 86' lang='lat' dir='ltr'><strong>excitabat</strong></span> <span class='ocrx_word' id='word_1_112' title='bbox 847 2025 931 2083; x_wconf 84' lang='lat' dir='ltr'><strong>vota</strong></span> <span class='ocrx_word' id='word_1_113' title='bbox 957 2025 992 2083; x_wconf 89' lang='lat' dir='ltr'><strong>et</strong></span> <span class='ocrx_word' id='word_1_114' title='bbox 1018 2027 1150 2083; x_wconf 88' lang='lat' dir='ltr'><strong>mentes</strong></span> 
     </span>
     <span class='ocr_line' id='line_1_17' title="bbox 200 2117 1151 2202; baseline -0.003 -17"><span class='ocrx_word' id='word_1_115' title='bbox 200 2121 427 2202; x_wconf 80' lang='lat' dir='ltr'><strong>singulorum,</strong></span> <span class='ocrx_word' id='word_1_116' title='bbox 443 2128 477 2184; x_wconf 89' lang='lat' dir='ltr'><strong>et</strong></span> <span class='ocrx_word' id='word_1_117' title='bbox 493 2120 555 2196; x_wconf 87' lang='lat' dir='ltr'><strong>sic,</strong></span> <span class='ocrx_word' id='word_1_118' title='bbox 571 2117 753 2183; x_wconf 83' lang='lat' dir='ltr'><strong>‘insecto&#39;³</strong></span> <span class='ocrx_word' id='word_1_119' title='bbox 779 2118 933 2199; x_wconf 81' lang='lat' dir='ltr'><strong>negotio,</strong></span> <span class='ocrx_word' id='word_1_120' title='bbox 948 2118 1151 2200; x_wconf 84' lang='lat' dir='ltr'><strong>praedictum</strong></span> 
     </span>
     <span class='ocr_line' id='line_1_18' title="bbox 202 2219 1100 2303; baseline -0.001 -19"><span class='ocrx_word' id='word_1_121' title='bbox 202 2223 364 2285; x_wconf 87' lang='lat' dir='ltr'><strong>nuncium</strong></span> <span class='ocrx_word' id='word_1_122' title='bbox 379 2221 478 2303; x_wconf 86' lang='lat' dir='ltr'><strong>quasi</strong></span> <span class='ocrx_word' id='word_1_123' title='bbox 496 2239 641 2284; x_wconf 88' lang='lat' dir='ltr'><strong>vacuum</strong></span> <span class='ocrx_word' id='word_1_124' title='bbox 657 2219 869 2283; x_wconf 89' lang='lat' dir='ltr'><strong>unanimiter</strong></span> <span class='ocrx_word' id='word_1_125' title='bbox 883 2219 1100 2283; x_wconf 85' lang='lat' dir='ltr'><strong>remiserunt.</strong></span> 
     </span>
    </p>
   </div>
   <div class='ocr_carea' id='block_1_3' title="bbox 379 2441 966 2530">
    <p class='ocr_par' dir='ltr' id='par_1_8' title="bbox 379 2441 966 2530">
     <span class='ocr_line' id='line_1_19' title="bbox 379 2441 966 2530; baseline -0.007 -21"><span class='ocrx_word' id='word_1_126' title='bbox 379 2446 429 2510; x_wconf 80' lang='lat' dir='ltr'><strong>Dc</strong></span> <span class='ocrx_word' id='word_1_127' title='bbox 448 2442 683 2530; x_wconf 76' lang='lat' dir='ltr'><strong>Repotriotiooo</strong></span> <span class='ocrx_word' id='word_1_128' title='bbox 697 2443 791 2528; x_wconf 66' lang='lat' dir='ltr'><strong>Rapis</strong></span> <span class='ocrx_word' id='word_1_129' title='bbox 807 2441 966 2506; x_wconf 70' lang='lat' dir='ltr'><strong>Francia.</strong></span> 
     </span>
    </p>
   </div>
   <div class='ocr_carea' id='block_1_4' title="bbox 252 2616 1311 2718">
    <p class='ocr_par' dir='ltr' id='par_1_9' title="bbox 252 2616 1311 2718">
     <span class='ocr_line' id='line_1_20' title="bbox 252 2616 1311 2718; baseline -0.007 -32"><span class='ocrx_word' id='word_1_130' title='bbox 252 2624 352 2687; x_wconf 86' lang='lat' dir='ltr'><strong>Tunc</strong></span> <span class='ocrx_word' id='word_1_131' title='bbox 378 2641 441 2684; x_wconf 84' lang='lat' dir='ltr'><strong>rex</strong></span> <span class='ocrx_word' id='word_1_132' title='bbox 465 2620 621 2684; x_wconf 86' lang='lat' dir='ltr'><strong>Franciae</strong></span> <span class='ocrx_word' id='word_1_133' title='bbox 650 2619 789 2682; x_wconf 80' lang='lat' dir='ltr'><strong>delicati</strong></span> <span class='ocrx_word' id='word_1_134' title='bbox 821 2618 886 2682; x_wconf 89' lang='lat' dir='ltr'><strong>sibi</strong></span> <span class='ocrx_word' id='word_1_135' title='bbox 916 2616 1063 2682; x_wconf 90' lang='lat' dir='ltr'><strong>hominis</strong></span> <span class='ocrx_word' id='word_1_136' title='bbox 1088 2634 1149 2680; x_wconf 92' lang='lat' dir='ltr'><strong>no·</strong></span> <span class='ocrx_word' id='word_1_137' title='bbox 1163 2629 1311 2718; x_wconf 51' lang='lat' dir='ltr'><strong>{textura</strong></span> 
     </span>
    </p>
   </div>
   <div class='ocr_carea' id='block_1_5' title="bbox 1180 2681 1289 2719">
    <p class='ocr_par' dir='ltr' id='par_1_10' title="bbox 1180 2681 1289 2719">
     <span class='ocr_line' id='line_1_21' title="bbox 1180 2681 1289 2719; baseline -0.009 0"><span class='ocrx_word' id='word_1_138' title='bbox 1180 2691 1243 2719; x_wconf 75' lang='lat' dir='ltr'><strong>rencs</strong></span> <span class='ocrx_word' id='word_1_139' title='bbox 1253 2681 1289 2719; x_wconf 81' lang='lat' dir='ltr'><strong>de·</strong></span> 
     </span>
    </p>
   </div>
   <div class='ocr_carea' id='block_1_6' title="bbox 201 2714 1287 2800">
    <p class='ocr_par' dir='ltr' id='par_1_11' title="bbox 201 2714 1287 2800">
     <span class='ocr_line' id='line_1_22' title="bbox 201 2714 1287 2800; baseline -0.01 -13"><span class='ocrx_word' id='word_1_140' title='bbox 201 2731 271 2788; x_wconf 90' lang='lat' dir='ltr'><strong>tam</strong></span> <span class='ocrx_word' id='word_1_141' title='bbox 298 2714 492 2786; x_wconf 81' lang='lat' dir='ltr'><strong>assumens⁴</strong></span> <span class='ocrx_word' id='word_1_142' title='bbox 518 2719 624 2800; x_wconf 86' lang='lat' dir='ltr'><strong>coepit</strong></span> <span class='ocrx_word' id='word_1_143' title='bbox 649 2725 798 2782; x_wconf 90' lang='lat' dir='ltr'><strong>tractare</strong></span> <span class='ocrx_word' id='word_1_144' title='bbox 823 2738 899 2781; x_wconf 89' lang='lat' dir='ltr'><strong>cum</strong></span> <span class='ocrx_word' id='word_1_145' title='bbox 928 2718 1001 2780; x_wconf 88' lang='lat' dir='ltr'><strong>suis</strong></span> <span class='ocrx_word' id='word_1_146' title='bbox 1027 2716 1069 2778; x_wconf 89' lang='lat' dir='ltr'><strong>de</strong></span> <span class='ocrx_word' id='word_1_147' title='bbox 1096 2736 1149 2779; x_wconf 90' lang='lat' dir='ltr'><strong>re·</strong></span> <span class='ocrx_word' id='word_1_148' title='bbox 1163 2730 1287 2770; x_wconf 70' lang='lat' dir='ltr'><strong>menoa-</strong></span> 
     </span>
    </p>
   </div>
   <div class='ocr_carea' id='block_1_7' title="bbox 1162 2781 1291 2820">
    <p class='ocr_par' dir='ltr' id='par_1_12' title="bbox 1162 2781 1291 2820">
     <span class='ocr_line' id='line_1_23' title="bbox 1162 2781 1291 2820; baseline -0.008 -1"><span class='ocrx_word' id='word_1_149' title='bbox 1162 2784 1212 2820; x_wconf 89' lang='lat' dir='ltr'><strong>turn</strong></span> <span class='ocrx_word' id='word_1_150' title='bbox 1222 2781 1291 2820; x_wconf 78' lang='lat' dir='ltr'><strong>home.</strong></span> 
     </span>
    </p>
   </div>
   <div class='ocr_carea' id='block_1_8' title="bbox 201 2815 1153 3499">
    <p class='ocr_par' dir='ltr' id='par_1_13' title="bbox 201 2815 1153 3499">
     <span class='ocr_line' id='line_1_24' title="bbox 204 2815 1148 2904; baseline -0.008 -18"><span class='ocrx_word' id='word_1_151' title='bbox 204 2823 421 2904; x_wconf 87' lang='lat' dir='ltr'><strong>patriatione‚</strong></span> <span class='ocrx_word' id='word_1_152' title='bbox 444 2838 513 2883; x_wconf 90' lang='lat' dir='ltr'><strong>non</strong></span> <span class='ocrx_word' id='word_1_153' title='bbox 531 2815 668 2883; x_wconf 84' lang='lat' dir='ltr'><strong>‘dico&#39;⁵</strong></span> <span class='ocrx_word' id='word_1_154' title='bbox 691 2818 734 2882; x_wconf 90' lang='lat' dir='ltr'><strong>de</strong></span> <span class='ocrx_word' id='word_1_155' title='bbox 756 2818 852 2899; x_wconf 86' lang='lat' dir='ltr'><strong>fuga,</strong></span> <span class='ocrx_word' id='word_1_156' title='bbox 870 2818 952 2900; x_wconf 90' lang='lat' dir='ltr'><strong>quia</strong></span> <span class='ocrx_word' id='word_1_157' title='bbox 973 2816 1064 2899; x_wconf 83' lang='lat' dir='ltr'><strong>fugit</strong></span> <span class='ocrx_word' id='word_1_158' title='bbox 1085 2816 1148 2878; x_wconf 91' lang='lat' dir='ltr'><strong>im·</strong></span> 
     </span>
     <span class='ocr_line' id='line_1_25' title="bbox 201 2918 1149 3004; baseline -0.007 -19"><span class='ocrx_word' id='word_1_159' title='bbox 201 2924 278 3004; x_wconf 93' lang='lat' dir='ltr'><strong>pius</strong></span> <span class='ocrx_word' id='word_1_160' title='bbox 304 2921 438 2984; x_wconf 88' lang='lat' dir='ltr'><strong>nemine</strong></span> <span class='ocrx_word' id='word_1_161' title='bbox 462 2925 703 3001; x_wconf 85' lang='lat' dir='ltr'><strong>prosequente,</strong></span> <span class='ocrx_word' id='word_1_162' title='bbox 718 2918 900 2998; x_wconf 88' lang='lat' dir='ltr'><strong>missisque</strong></span> <span class='ocrx_word' id='word_1_163' title='bbox 927 2923 971 2979; x_wconf 70' lang='lat' dir='ltr'><strong>ex·</strong></span> <span class='ocrx_word' id='word_1_164' title='bbox 999 2923 1149 2980; x_wconf 88' lang='lat' dir='ltr'><strong>secreta·</strong></span> 
     </span>
     <span class='ocr_line' id='line_1_26' title="bbox 202 3013 1149 3099; baseline -0.007 -15"><span class='ocrx_word' id='word_1_165' title='bbox 202 3013 279 3084; x_wconf 81' lang='lat' dir='ltr'><strong>riis⁶</strong></span> <span class='ocrx_word' id='word_1_166' title='bbox 296 3020 341 3083; x_wconf 88' lang='lat' dir='ltr'><strong>ad</strong></span> <span class='ocrx_word' id='word_1_167' title='bbox 364 3038 481 3098; x_wconf 87' lang='lat' dir='ltr'><strong>regem</strong></span> <span class='ocrx_word' id='word_1_168' title='bbox 510 3015 647 3098; x_wconf 81' lang='lat' dir='ltr'><strong>Angliae</strong></span> <span class='ocrx_word' id='word_1_169' title='bbox 674 3017 811 3099; x_wconf 83' lang='lat' dir='ltr'><strong>rogavit</strong></span> <span class='ocrx_word' id='word_1_170' title='bbox 839 3037 884 3080; x_wconf 88' lang='lat' dir='ltr'><strong>ex</strong></span> <span class='ocrx_word' id='word_1_171' title='bbox 910 3016 1024 3078; x_wconf 89' lang='lat' dir='ltr'><strong>animo</strong></span> <span class='ocrx_word' id='word_1_172' title='bbox 1048 3023 1087 3078; x_wconf 90' lang='lat' dir='ltr'><strong>ut</strong></span> <span class='ocrx_word' id='word_1_173' title='bbox 1109 3014 1149 3078; x_wconf 93' lang='lat' dir='ltr'><strong>li·</strong></span> 
     </span>
     <span class='ocr_line' id='line_1_27' title="bbox 202 3116 1151 3199; baseline -0.009 -14"><span class='ocrx_word' id='word_1_174' title='bbox 202 3121 349 3185; x_wconf 89' lang='lat' dir='ltr'><strong>centiam</strong></span> <span class='ocrx_word' id='word_1_175' title='bbox 383 3116 600 3182; x_wconf 90' lang='lat' dir='ltr'><strong>concedendo</strong></span> <span class='ocrx_word' id='word_1_176' title='bbox 633 3117 722 3181; x_wconf 89' lang='lat' dir='ltr'><strong>votis</strong></span> <span class='ocrx_word' id='word_1_177' title='bbox 755 3117 831 3199; x_wconf 88' lang='lat' dir='ltr'><strong>ejus</strong></span> <span class='ocrx_word' id='word_1_178' title='bbox 864 3121 1040 3190; x_wconf 86' lang='lat' dir='ltr'><strong>annueret,</strong></span> <span class='ocrx_word' id='word_1_179' title='bbox 1071 3133 1151 3196; x_wconf 88' lang='lat' dir='ltr'><strong>pro-</strong></span> 
     </span>
     <span class='ocr_line' id='line_1_28' title="bbox 202 3215 1153 3300; baseline -0.011 -15"><span class='ocrx_word' id='word_1_180' title='bbox 202 3228 334 3285; x_wconf 89' lang='lat' dir='ltr'><strong>testans</strong></span> <span class='ocrx_word' id='word_1_181' title='bbox 344 3217 438 3300; x_wconf 92' lang='lat' dir='ltr'><strong>quod</strong></span> <span class='ocrx_word' id='word_1_182' title='bbox 450 3226 511 3282; x_wconf 88' lang='lat' dir='ltr'><strong>aut</strong></span> <span class='ocrx_word' id='word_1_183' title='bbox 520 3222 694 3298; x_wconf 86' lang='lat' dir='ltr'><strong>oporteret</strong></span> <span class='ocrx_word' id='word_1_184' title='bbox 705 3236 782 3279; x_wconf 88' lang='lat' dir='ltr'><strong>eum</strong></span> <span class='ocrx_word' id='word_1_185' title='bbox 794 3215 982 3296; x_wconf 85' lang='lat' dir='ltr'><strong>repatriare</strong></span> <span class='ocrx_word' id='word_1_186' title='bbox 997 3220 1059 3276; x_wconf 91' lang='lat' dir='ltr'><strong>ant</strong></span> <span class='ocrx_word' id='word_1_187' title='bbox 1072 3232 1153 3275; x_wconf 90' lang='lat' dir='ltr'><strong>con-</strong></span> 
     </span>
     <span class='ocr_line' id='line_1_29' title="bbox 202 3311 1151 3394; baseline -0.011 -11"><span class='ocrx_word' id='word_1_188' title='bbox 202 3322 300 3384; x_wconf 91' lang='lat' dir='ltr'><strong>tinuo</strong></span> <span class='ocrx_word' id='word_1_189' title='bbox 316 3318 483 3381; x_wconf 89' lang='lat' dir='ltr'><strong>infirmari</strong></span> <span class='ocrx_word' id='word_1_190' title='bbox 493 3335 502 3394; x_wconf 92' lang='lat'>;</span> <span class='ocrx_word' id='word_1_191' title='bbox 535 3315 726 3381; x_wconf 85' lang='lat' dir='ltr'><strong>admiratus</strong></span> <span class='ocrx_word' id='word_1_192' title='bbox 744 3324 861 3377; x_wconf 86' lang='lat' dir='ltr'><strong>antem</strong></span> <span class='ocrx_word' id='word_1_193' title='bbox 878 3333 939 3376; x_wconf 87' lang='lat' dir='ltr'><strong>rex</strong></span> <span class='ocrx_word' id='word_1_194' title='bbox 966 3311 1151 3387; x_wconf 84' lang='lat' dir='ltr'><strong>Ricardns,</strong></span> 
     </span>
     <span class='ocr_line' id='line_1_30' title="bbox 203 3410 1152 3499; baseline -0.009 -17"><span class='ocrx_word' id='word_1_195' title='bbox 203 3421 319 3483; x_wconf 86' lang='lat' dir='ltr'><strong>animo</strong></span> <span class='ocrx_word' id='word_1_196' title='bbox 346 3418 446 3499; x_wconf 90' lang='lat' dir='ltr'><strong>qnasi</strong></span> <span class='ocrx_word' id='word_1_197' title='bbox 481 3421 713 3490; x_wconf 87' lang='lat' dir='ltr'><strong>consternato,</strong></span> <span class='ocrx_word' id='word_1_198' title='bbox 744 3415 805 3489; x_wconf 89' lang='lat' dir='ltr'><strong>ait,</strong></span> <span class='ocrx_word' id='word_1_199' title='bbox 839 3412 905 3475; x_wconf 89' lang='lat' dir='ltr'><strong>“Si</strong></span> <span class='ocrx_word' id='word_1_200' title='bbox 936 3410 1018 3474; x_wconf 92' lang='lat' dir='ltr'><strong>mihi</strong></span> <span class='ocrx_word' id='word_1_201' title='bbox 1049 3410 1152 3473; x_wconf 96' lang='lat' dir='ltr'><strong>modo</strong></span> 
     </span>
    </p>
   </div>
   <div class='ocr_carea' id='block_1_9' title="bbox 202 3593 1157 4288">
    <p class='ocr_par' dir='ltr' id='par_1_14' title="bbox 202 3593 1153 3804">
     <span class='ocr_line' id='line_1_31' title="bbox 202 3593 1153 3663; baseline -0.012 -8"><span class='ocrx_word' id='word_1_202' title='bbox 202 3624 206 3628; x_wconf 94' lang='lat'>·</span> <span class='ocrx_word' id='word_1_203' title='bbox 244 3604 274 3633; x_wconf 86' lang='lat'><strong>&#39;‘</strong></span> <span class='ocrx_word' id='word_1_204' title='bbox 286 3601 449 3663; x_wconf 83' lang='lat' dir='ltr'><strong>Christiano,’</strong></span> <span class='ocrx_word' id='word_1_205' title='bbox 484 3601 561 3650; x_wconf 81' lang='lat' dir='ltr'><strong>MSS.</strong></span> <span class='ocrx_word' id='word_1_206' title='bbox 600 3599 666 3650; x_wconf 79' lang='lat'>0011.</span> <span class='ocrx_word' id='word_1_207' title='bbox 689 3599 757 3661; x_wconf 79' lang='lat' dir='ltr'><strong>Aug.</strong></span> <span class='ocrx_word' id='word_1_208' title='bbox 785 3597 878 3658; x_wconf 88' lang='lat' dir='ltr'><strong>Script.</strong></span> <span class='ocrx_word' id='word_1_209' title='bbox 908 3599 988 3654; x_wconf 79' lang='lat' dir='ltr'><strong>12⁰l;</strong></span> <span class='ocrx_word' id='word_1_210' title='bbox 1013 3594 1098 3656; x_wconf 80' lang='lat' dir='ltr'><strong>Roger</strong></span> <span class='ocrx_word' id='word_1_211' title='bbox 1119 3593 1153 3644; x_wconf 81' lang='lat' dir='ltr'><strong>da</strong></span> 
     </span>
     <span class='ocr_line' id='line_1_32' title="bbox 205 3665 1152 3728; baseline -0.013 -3"><span class='ocrx_word' id='word_1_212' title='bbox 205 3677 276 3725; x_wconf 83' lang='lat' dir='ltr'><strong>Arm.</strong></span> <span class='ocrx_word' id='word_1_213' title='bbox 289 3674 339 3722; x_wconf 88' lang='lat' dir='ltr'><strong>and</strong></span> <span class='ocrx_word' id='word_1_214' title='bbox 351 3672 420 3722; x_wconf 82' lang='lat' dir='ltr'><strong>Cott.</strong></span> <span class='ocrx_word' id='word_1_215' title='bbox 430 3671 488 3720; x_wconf 81' lang='lat' dir='ltr'><strong>Tib.</strong></span> <span class='ocrx_word' id='word_1_216' title='bbox 691 3668 826 3728; x_wconf 82' lang='lat' dir='ltr'><strong>lloveden,</strong></span> <span class='ocrx_word' id='word_1_217' title='bbox 838 3667 897 3715; x_wconf 74' lang='lat' dir='ltr'><strong>lter.</strong></span> <span class='ocrx_word' id='word_1_218' title='bbox 909 3667 977 3728; x_wconf 75' lang='lat' dir='ltr'><strong>ring.</strong></span> <span class='ocrx_word' id='word_1_219' title='bbox 989 3665 1082 3726; x_wconf 85' lang='lat' dir='ltr'><strong>Script.</strong></span> <span class='ocrx_word' id='word_1_220' title='bbox 1094 3667 1152 3713; x_wconf 78' lang='grc'><strong>693.</strong></span> 
     </span>
     <span class='ocr_line' id='line_1_33' title="bbox 238 3733 1124 3804; baseline -0.01 -11"><span class='ocrx_word' id='word_1_221' title='bbox 238 3744 249 3772; x_wconf 79' lang='lat'>²</span> <span class='ocrx_word' id='word_1_222' title='bbox 266 3740 331 3804; x_wconf 87' lang='lat' dir='ltr'><strong>‘ut‚&#39;</strong></span> <span class='ocrx_word' id='word_1_223' title='bbox 345 3742 402 3790; x_wconf 90' lang='lat' dir='ltr'><strong>MS.</strong></span> <span class='ocrx_word' id='word_1_224' title='bbox 415 3740 482 3790; x_wconf 81' lang='lat' dir='ltr'><strong>cott.</strong></span> <span class='ocrx_word' id='word_1_225' title='bbox 493 3739 551 3787; x_wconf 79' lang='lat' dir='ltr'><strong>Tib.</strong></span> <span class='ocrx_word' id='word_1_226' title='bbox 725 3734 736 3764; x_wconf 75' lang='lat'>⁵</span> <span class='ocrx_word' id='word_1_227' title='bbox 753 3737 867 3786; x_wconf 83' lang='lat' dir='ltr'><strong>Omitted</strong></span> <span class='ocrx_word' id='word_1_228' title='bbox 879 3737 906 3783; x_wconf 92' lang='lat' dir='ltr'><strong>in</strong></span> <span class='ocrx_word' id='word_1_229' title='bbox 917 3735 975 3784; x_wconf 87' lang='lat' dir='ltr'><strong>MS.</strong></span> <span class='ocrx_word' id='word_1_230' title='bbox 987 3733 1055 3784; x_wconf 85' lang='lat' dir='ltr'><strong>cott.</strong></span> <span class='ocrx_word' id='word_1_231' title='bbox 1066 3734 1124 3784; x_wconf 84' lang='lat' dir='ltr'><strong>Tib.</strong></span> 
     </span>
    </p>

    <p class='ocr_par' dir='ltr' id='par_1_15' title="bbox 238 3802 1152 3874">
     <span class='ocr_line' id='line_1_34' title="bbox 238 3802 1152 3874; baseline -0.013 -12"><span class='ocrx_word' id='word_1_232' title='bbox 238 3814 250 3844; x_wconf 78' lang='lat'>⁸</span> <span class='ocrx_word' id='word_1_233' title='bbox 265 3816 308 3862; x_wconf 88' lang='lat' dir='ltr'><strong>‘in</strong></span> <span class='ocrx_word' id='word_1_234' title='bbox 320 3812 395 3874; x_wconf 82' lang='lat' dir='ltr'><strong>ipso,’</strong></span> <span class='ocrx_word' id='word_1_235' title='bbox 407 3811 464 3860; x_wconf 87' lang='lat' dir='ltr'><strong>MS.</strong></span> <span class='ocrx_word' id='word_1_236' title='bbox 478 3808 544 3858; x_wconf 84' lang='lat' dir='ltr'><strong>Gott.</strong></span> <span class='ocrx_word' id='word_1_237' title='bbox 555 3808 613 3856; x_wconf 84' lang='lat' dir='ltr'><strong>Tib.</strong></span> <span class='ocrx_word' id='word_1_238' title='bbox 724 3802 736 3833; x_wconf 78' lang='lat'>⁶</span> <span class='ocrx_word' id='word_1_239' title='bbox 751 3806 813 3855; x_wconf 86' lang='lat' dir='ltr'><strong>This</strong></span> <span class='ocrx_word' id='word_1_240' title='bbox 832 3820 947 3867; x_wconf 78' lang='lat' dir='ltr'><strong>message</strong></span> <span class='ocrx_word' id='word_1_241' title='bbox 958 3819 1013 3852; x_wconf 82' lang='lat' dir='ltr'><strong>was</strong></span> <span class='ocrx_word' id='word_1_242' title='bbox 1024 3803 1152 3852; x_wconf 83' lang='lat' dir='ltr'><strong>delivered</strong></span> 
     </span>
    </p>

    <p class='ocr_par' dir='ltr' id='par_1_16' title="bbox 203 3873 1157 4288">
     <span class='ocr_line' id='line_1_35' title="bbox 238 3873 1153 3942; baseline -0.015 -9"><span class='ocrx_word' id='word_1_243' title='bbox 238 3884 292 3932; x_wconf 89' lang='lat' dir='ltr'><strong>⁴It</strong></span> <span class='ocrx_word' id='word_1_244' title='bbox 313 3897 372 3942; x_wconf 85' lang='lat' dir='ltr'><strong>may</strong></span> <span class='ocrx_word' id='word_1_245' title='bbox 394 3881 454 3929; x_wconf 88' lang='lat' dir='ltr'><strong>here</strong></span> <span class='ocrx_word' id='word_1_246' title='bbox 477 3880 508 3928; x_wconf 89' lang='lat' dir='ltr'><strong>be</strong></span> <span class='ocrx_word' id='word_1_247' title='bbox 533 3876 667 3926; x_wconf 83' lang='lat' dir='ltr'><strong>remarked</strong></span> <span class='ocrx_word' id='word_1_248' title='bbox 690 3876 769 3925; x_wconf 89' lang='lat' dir='ltr'><strong>tothe</strong></span> <span class='ocrx_word' id='word_1_249' title='bbox 782 3875 889 3937; x_wconf 79' lang='lat' dir='ltr'><strong>English</strong></span> <span class='ocrx_word' id='word_1_250' title='bbox 900 3875 963 3936; x_wconf 76' lang='lat' dir='ltr'><strong>king</strong></span> <span class='ocrx_word' id='word_1_251' title='bbox 979 3888 1011 3921; x_wconf 92' lang='lat' dir='ltr'><strong>on</strong></span> <span class='ocrx_word' id='word_1_252' title='bbox 1027 3873 1069 3921; x_wconf 89' lang='lat' dir='ltr'><strong>the</strong></span> <span class='ocrx_word' id='word_1_253' title='bbox 1086 3873 1153 3920; x_wconf 69' lang='lat' dir='ltr'><strong>22nd</strong></span> 
     </span>
     <span class='ocr_line' id='line_1_36' title="bbox 203 3941 1157 4013; baseline -0.014 -12"><span class='ocrx_word' id='word_1_254' title='bbox 203 3953 259 4001; x_wconf 84' lang='lat' dir='ltr'><strong>that</strong></span> <span class='ocrx_word' id='word_1_255' title='bbox 281 3953 351 4013; x_wconf 81' lang='lat' dir='ltr'><strong>King</strong></span> <span class='ocrx_word' id='word_1_256' title='bbox 374 3949 461 4010; x_wconf 88' lang='lat' dir='ltr'><strong>Philip</strong></span> <span class='ocrx_word' id='word_1_257' title='bbox 484 3948 533 3996; x_wconf 86' lang='lat' dir='ltr'><strong>had</strong></span> <span class='ocrx_word' id='word_1_258' title='bbox 557 3947 667 3996; x_wconf 81' lang='lat' dir='ltr'><strong>suffered</strong></span> <span class='ocrx_word' id='word_1_259' title='bbox 690 3947 721 3995; x_wconf 80' lang='lat' dir='ltr'><strong>ot</strong></span> <span class='ocrx_word' id='word_1_260' title='bbox 734 3945 799 4006; x_wconf 80' lang='lat' dir='ltr'><strong>Jnly</strong></span> <span class='ocrx_word' id='word_1_261' title='bbox 816 3941 889 4005; x_wconf 81' lang='lat'><strong>1191,</strong></span> <span class='ocrx_word' id='word_1_262' title='bbox 906 3945 938 4004; x_wconf 81' lang='lat' dir='ltr'><strong>by</strong></span> <span class='ocrx_word' id='word_1_263' title='bbox 951 3943 994 3990; x_wconf 87' lang='lat' dir='ltr'><strong>the</strong></span> <span class='ocrx_word' id='word_1_264' title='bbox 1013 3941 1110 4000; x_wconf 85' lang='lat' dir='ltr'><strong>Bishop</strong></span> <span class='ocrx_word' id='word_1_265' title='bbox 1128 3941 1157 3989; x_wconf 80' lang='lat' dir='ltr'><strong>ot</strong></span> 
     </span>
     <span class='ocr_line' id='line_1_37' title="bbox 204 4010 1154 4079; baseline -0.017 -7"><span class='ocrx_word' id='word_1_266' title='bbox 204 4023 280 4072; x_wconf 90' lang='lat' dir='ltr'><strong>much</strong></span> <span class='ocrx_word' id='word_1_267' title='bbox 308 4022 372 4069; x_wconf 76' lang='lat' dir='ltr'><strong>from</strong></span> <span class='ocrx_word' id='word_1_268' title='bbox 394 4018 518 4079; x_wconf 83' lang='lat' dir='ltr'><strong>arnaldia,</strong></span> <span class='ocrx_word' id='word_1_269' title='bbox 541 4031 557 4065; x_wconf 81' lang='lat' dir='ltr'><strong>a</strong></span> <span class='ocrx_word' id='word_1_270' title='bbox 580 4031 667 4066; x_wconf 81' lang='lat' dir='ltr'><strong>severe</strong></span> <span class='ocrx_word' id='word_1_271' title='bbox 692 4015 829 4075; x_wconf 82' lang='lat' dir='ltr'><strong>Beauvais,</strong></span> <span class='ocrx_word' id='word_1_272' title='bbox 851 4013 894 4060; x_wconf 89' lang='lat' dir='ltr'><strong>the</strong></span> <span class='ocrx_word' id='word_1_273' title='bbox 924 4011 1003 4060; x_wconf 87' lang='lat' dir='ltr'><strong>Duke</strong></span> <span class='ocrx_word' id='word_1_274' title='bbox 1033 4010 1062 4058; x_wconf 80' lang='lat' dir='ltr'><strong>ot</strong></span> <span class='ocrx_word' id='word_1_275' title='bbox 1087 4010 1154 4057; x_wconf 89' lang='lat' dir='ltr'><strong>Bur·</strong></span> 
     </span>
     <span class='ocr_line' id='line_1_38' title="bbox 203 4077 1155 4151; baseline -0.017 -9"><span class='ocrx_word' id='word_1_276' title='bbox 203 4093 306 4142; x_wconf 89' lang='lat' dir='ltr'><strong>chronic</strong></span> <span class='ocrx_word' id='word_1_277' title='bbox 322 4091 432 4151; x_wconf 83' lang='lat' dir='ltr'><strong>disease,</strong></span> <span class='ocrx_word' id='word_1_278' title='bbox 442 4087 528 4136; x_wconf 88' lang='lat' dir='ltr'><strong>which</strong></span> <span class='ocrx_word' id='word_1_279' title='bbox 544 4086 666 4148; x_wconf 84' lang='lat' dir='ltr'><strong>probably</strong></span> <span class='ocrx_word' id='word_1_280' title='bbox 691 4084 788 4146; x_wconf 77' lang='lat' dir='ltr'><strong>gundy,</strong></span> <span class='ocrx_word' id='word_1_281' title='bbox 805 4083 892 4144; x_wconf 83' lang='lat' dir='ltr'><strong>Drogo</strong></span> <span class='ocrx_word' id='word_1_282' title='bbox 911 4081 944 4130; x_wconf 89' lang='lat' dir='ltr'><strong>de</strong></span> <span class='ocrx_word' id='word_1_283' title='bbox 966 4079 1082 4139; x_wconf 77' lang='lat' dir='ltr'><strong>Amiano,</strong></span> <span class='ocrx_word' id='word_1_284' title='bbox 1104 4077 1155 4126; x_wconf 86' lang='lat' dir='ltr'><strong>and</strong></span> 
     </span>
     <span class='ocr_line' id='line_1_39' title="bbox 204 4147 1155 4218; baseline -0.016 -7"><span class='ocrx_word' id='word_1_285' title='bbox 204 4161 254 4210; x_wconf 79' lang='lat' dir='ltr'><strong>had</strong></span> <span class='ocrx_word' id='word_1_286' title='bbox 267 4175 335 4210; x_wconf 86' lang='lat' dir='ltr'><strong>some</strong></span> <span class='ocrx_word' id='word_1_287' title='bbox 347 4159 421 4208; x_wconf 84' lang='lat' dir='ltr'><strong>share</strong></span> <span class='ocrx_word' id='word_1_288' title='bbox 437 4159 464 4206; x_wconf 93' lang='lat' dir='ltr'><strong>in</strong></span> <span class='ocrx_word' id='word_1_289' title='bbox 482 4157 604 4218; x_wconf 75' lang='lat' dir='ltr'><strong>inducing</strong></span> <span class='ocrx_word' id='word_1_290' title='bbox 614 4155 666 4203; x_wconf 91' lang='lat' dir='ltr'><strong>him</strong></span> <span class='ocrx_word' id='word_1_291' title='bbox 693 4153 804 4201; x_wconf 83' lang='lat' dir='ltr'><strong>william</strong></span> <span class='ocrx_word' id='word_1_292' title='bbox 821 4153 854 4200; x_wconf 86' lang='lat' dir='ltr'><strong>da</strong></span> <span class='ocrx_word' id='word_1_293' title='bbox 872 4151 982 4199; x_wconf 87' lang='lat' dir='ltr'><strong>Merlou.</strong></span> <span class='ocrx_word' id='word_1_294' title='bbox 1022 4147 1155 4210; x_wconf 72' lang='lat' dir='ltr'><strong>liegarde</strong></span> 
     </span>
     <span class='ocr_line' id='line_1_40' title="bbox 203 4217 1156 4288; baseline -0.016 -7"><span class='ocrx_word' id='word_1_295' title='bbox 203 4237 229 4281; x_wconf 92' lang='lat' dir='ltr'><strong>to</strong></span> <span class='ocrx_word' id='word_1_296' title='bbox 240 4238 327 4281; x_wconf 85' lang='lat' dir='ltr'><strong>return</strong></span> <span class='ocrx_word' id='word_1_297' title='bbox 336 4231 418 4278; x_wconf 84' lang='lat' dir='ltr'><strong>honre.</strong></span> <span class='ocrx_word' id='word_1_298' title='bbox 441 4227 588 4288; x_wconf 85' lang='lat' dir='ltr'><strong>Brompton,</strong></span> <span class='ocrx_word' id='word_1_299' title='bbox 596 4225 665 4274; x_wconf 84' lang='lat' dir='ltr'><strong>Hist.</strong></span> <span class='ocrx_word' id='word_1_300' title='bbox 693 4223 826 4284; x_wconf 85' lang='lat' dir='ltr'><strong>llovedcn,</strong></span> <span class='ocrx_word' id='word_1_301' title='bbox 839 4222 897 4271; x_wconf 85' lang='lat' dir='ltr'><strong>Rer.</strong></span> <span class='ocrx_word' id='word_1_302' title='bbox 914 4221 983 4282; x_wconf 74' lang='lat' dir='ltr'><strong>Aug.</strong></span> <span class='ocrx_word' id='word_1_303' title='bbox 995 4217 1087 4280; x_wconf 87' lang='lat' dir='ltr'><strong>Script.</strong></span> <span class='ocrx_word' id='word_1_304' title='bbox 1098 4221 1156 4267; x_wconf 80' lang='grc'><strong>696.</strong></span> 
     </span>
    </p>
   </div>
   <div class='ocr_carea' id='block_1_10' title="bbox 0 0 1573 4990">
    <p class='ocr_par' dir='ltr' id='par_1_17' title="bbox 0 0 1573 4990">
     <span class='ocr_line' id='line_1_41' title="bbox 0 0 1573 4990; baseline 0 0"><span class='ocrx_word' id='word_1_305' title='bbox 0 0 1573 4990; x_wconf 95' lang='lat' dir='ltr'><strong> </strong></span> 
     </span>
    </p>
   </div>
  </div>
 </body>
</html>
