3134 4990
399 450 463 513 192
765 462 978 510 canonicos

254 637 346 676 uanam
356 638 374 676 1·
399 619 614 684 comitibus’¹
631 627 735 683 noctu
760 619 804 681 ad
825 626 939 700 partes
962 617 1113 682 Austriae
1139 619 1352 699 properavit.

401 717 622 782 Humbaldus
637 737 720 781 vero
739 717 810 780 dux
829 716 980 780 Austriae
997 716 1158 797 quiolim,
1174 723 1212 780 ut
1227 737 1351 798 supra-

400 817 528 880 dictum
561 823 625 893 est,
655 816 730 899 ejus
767 816 1011 898 stipendiarius
1041 816 1166 894 fuerat,
1196 816 1350 878 beneficii

400 915 578 979 immemor
600 915 746 996 accepti,
763 916 798 977 in
819 915 985 978 ultionem
1001 914 1184 997 cujusdam
1200 913 1351 977 laesionis

401 1013 537 1096 exiguae
555 1010 761 1090 ‘demens,’2
781 1012 1062 1096 Anglicanasque
1082 1033 1165 1095 opes
1183 1019 1349 1092 tanquam

239 687 310 745 μ).
321 689 378 726 nar.

402 1131 529 1176 avarus
549 1119 584 1175 et
609 1111 759 1194 perfidus
779 1111 909 1187 sitiens,
928 1110 1047 1174 audito
1070 1112 1162 1192 quod
1185 1111 1260 1191 regi
1287 1110 1350 1174 Ri-

402 1211 507 1274 cardo
535 1211 718 1287 acciderat,
744 1211 966 1274 cautissimos
986 1229 1047 1290 per
1074 1208 1349 1298 omnesqviarum

402 1310 579 1383 transitus,
599 1316 638 1372 ut
659 1309 785 1389 insigni
808 1308 955 1390 profugo
977 1307 1145 1370 evadendi
1161 1308 1259 1370 locus
1282 1326 1349 1369 non

402 1414 504 1483 esset,
519 1406 680 1470 custodes
703 1407 896 1488 disposuit;
922 1426 1024 1488 quem
1048 1405 1185 1469 tandem
1205 1405 1246 1486 in*
1264 1424 1349 1485 quo-

401 1505 481 1567 dam
507 1506 669 1569 suburbio
691 1505 816 1569 indicio
834 1505 898 1569 tali
920 1503 1114 1569 ‘invenit.’³
1143 1505 1237 1566 Dum
1265 1510 1349 1566 ‘au-

401 1601 506 1667 tem’³
523 1623 612 1666 unus
628 1624 670 1666 ex
698 1603 770 1666 suis
794 1623 892 1667 escas
916 1605 1080 1667 lautiores
1104 1609 1242 1679 emeret,
1257 1622 1349 1665 com·

401 1701 600 1782 prehensus,
619 1710 654 1766 et
676 1703 847 1766 intentata
869 1710 978 1766 morte
1001 1702 1187 1782 requisitus
1209 1702 1349 1768 cuinam

402 1801 584 1882 peregrino
598 1801 684 1865 talia
695 1794 907 1882 procuraret,
919 1820 980 1881 per
996 1800 1166 1863 immissos
1184 1799 1351 1883 satellites

241 1903 384 1990 ²¹²⁶¹¹JT⁸¹¹²¹¹
403 1899 580 1963 inventum
609 1900 659 1963 sic
690 1900 900 1981 captivavit3
934 1899 1147 1980 ingressique
1187 1898 1231 1961 ad
1273 1918 1350 1960 eum

240 1953 382 2041 wudz?
404 1998 529 2062 armati
561 1998 742 2061 confestim
774 1999 944 2079 inquiunt,
975 1996 1086 2061 “Ave
1117 2017 1180 2059 rex
1216 1994 1350 2078 Angla·

243 2052 335 2091 mm
405 2099 501 2158 rum!
526 2097 655 2160 frustra
675 2116 856 2178 personam
874 2103 969 2160 tuam
987 2094 1123 2178 pallias,
1138 2095 1245 2158 iacies
1262 2096 1351 2158 enim

403 2201 518 2258 tuate
534 2195 755 2258 manifestum
777 2195 894 2259 lacit.”
947 2193 1103 2276 Cumque
1123 2195 1174 2257 vir
1200 2195 1351 2274 ingentis

405 2293 509 2356 animi
524 2293 677 2375 gladium
702 2294 880 2375 arriperet,
903 2292 1021 2356 statim
1043 2293 1215 2373 inquiunt,
1234 2292 1352 2356 “Noli

407 2390 438 2453 Ο
463 2410 526 2454 rex
544 2391 600 2454 vel
623 2393 744 2454 timere
759 2392 832 2455 ‘vel
850 2389 1012 2455 temere'⁴
1039 2411 1154 2472 agere,
1171 2411 1241 2454 non
1263 2391 1352 2454 enim

363 2510 365 2514 ’
405 2489 560 2553 morieris
585 2490 645 2553 sed
668 2490 783 2571 potius
801 2509 822 2553 a
837 2498 948 2554 morte
972 2491 1164 2554 servaberis
1185 2491 1220 2552 in
1242 2489 1354 2553 medio

406 2588 554 2652 hostium
577 2597 726 2664 tuorum,
748 2589 1019 2671 'propinquorum
1042 2588 1173 2652 seilicet
1203 2587 1353 2651 Conradi

407 2687 625 2763 marchionis,
657 2687 717 2768 qui
744 2694 903 2767 quaerunt
930 2687 1049 2768 ntique
1075 2695 1110 2750 te
1135 2695 1174 2749 ut
1205 2687 1354 2750 animam

407 2793 502 2848 tuam
519 2784 678 2866 perdant,
700 2785 899 2867 inquorum
926 2786 1045 2867 utique
1071 2803 1193 2847 manns
1215 2786 1244 2847 si
1268 2786 1354 2848 forte

406 2901 488 2945 casu
511 2883 678 2946 incideres
702 2884 837 2946 etiamsi
855 2891 993 2948 centum
1011 2885 1102 2947 vitas
1126 2882 1269 2946 haberes
1291 2903 1353 2946 nec

407 3000 476 3044 una
505 2981 642 3062 quidem
680 2982 744 3044 tibi
772 2983 871 3046 salva
910 2981 1135 3046 remaneret.''
1196 2979 1354 3062 Captus⁵
1382 3003 1386 3010 ·

405 3088 460 3143 est
485 3099 568 3161 ergo
592 3100 655 3144 rex
675 3081 798 3144 nobilis
823 3101 845 3144 a
872 3082 958 3144 duce
982 3080 1189 3162 nequissimo
1218 3100 1307 3143 anno
1332 3099 1354 3142 a

363 3183 366 3190 '
406 3187 508 3261 partu
524 3179 681 3260 Virginis
704 3179 886 3243 millesimo
904 3197 934 3242 e.
959 3179 1180 3260 nonagesimo
1208 3184 1354 3242 ‘secun-

406 3269 492 3354 do,'⁶
525 3298 642 3342 meuse
674 3279 870 3354 Decembri,
901 3279 1055 3346 etcitra
1086 3278 1189 3341 decus
1222 3279 1353 3360 regium

405 3377 551 3440 vinculis
567 3377 795 3460 mancipatus.

441 3574 448 3603 ¹
461 3578 609 3640 ‘personis,'
621 3578 678 3627 MS.
691 3577 798 3637 Lansd.;
810 3577 868 3624 ‘co-
891 3581 934 3625 not
948 3576 986 3624 lar
996 3577 1092 3625 distant
1102 3576 1165 3625 from
1178 3577 1287 3637 Vienna,
1306 3577 1357 3624 and

407 3646 529 3706 mitibus,'
541 3647 598 3696 MS.
611 3647 679 3695 cott.
689 3647 746 3695 Tib.
892 3646 1064 3706 immediately
1083 3645 1222 3705 consigned
1240 3646 1275 3705 by
1293 3645 1356 3692 Leo-

443 3713 606 3777 ’‘saeviens‚’
618 3715 694 3765 MSS.
709 3715 804 3764 Lansd.
817 3715 869 3762 and
893 3715 953 3776 pold
976 3715 1054 3763 Duke
1081 3715 1110 3761 of
1136 3714 1244 3762 Austria
1264 3719 1290 3762 to
1313 3715 1356 3762 the

407 3782 474 3833 Oott.
485 3784 542 3833 Tib.
893 3784 972 3833 castle
988 3784 1016 3832 of
1030 3783 1208 3832 Diirrenstein.
1245 3783 1355 3831 Redde

440 3851 452 3884 ⁸
468 3853 592 3914 Supplied
602 3851 665 3900 from
677 3851 736 3900 MS.
748 3852 842 3902 Lunsd.
894 3853 996 3914 Dieetc,
1008 3853 1089 3914 imag.
1106 3852 1187 3912 nist„
1200 3851 1270 3900 Hist.
1286 3852 1354 3913 Aug.

442 3921 577 3972 ‘Omitted
588 3923 614 3969 in
626 3921 832 3971 alsuanum.
894 3923 986 3982 Script.
997 3925 1062 3982 6683
1081 3922 1139 3971 Nic.
1151 3921 1247 3970 Trivet.
1261 3924 1320 3970 148.

443 3991 453 4022 ⁵
463 3992 517 4041 The
527 3992 597 4054 King
605 4006 660 4040 was
671 3991 756 4040 seized
764 4007 796 4040 on
805 3991 870 4039 Sun-

406 4063 467 4123 day,
476 4063 539 4112 Dec.
547 4066 589 4124 2⁰,
599 4066 626 4110 at
635 4062 741 4123 Erperg,
752 4077 768 4110 a
776 4061 869 4121 village
930 4056 941 4086 ⁶
959 4060 1073 4109 Omitted
1085 4061 1111 4108 in
1123 4060 1180 4109 MS.
1193 4058 1260 4108 cort.
1271 4059 1330 4108 Tib.
