3128 4992
408 463 577 510 warram
602 463 648 508 nn
673 461 956 508 Huurucuuncrr.
1103 443 1147 506 33

196 619 361 683 doctrinae
383 621 593 703 evangelicae
613 620 713 703 quasi
735 621 865 682 derisor
892 618 1046 695 effectuS,
1063 624 1145 681 tem·
1168 630 1302 719 wlgrrnllt

194 720 321 830 poralis
333 720 453 801 gloriae
464 722 642 803 voluptate
651 719 870 783 vehementer
882 720 1066 801 absorptus
1078 725 1143 782 est.

433 911 481 975 De
496 913 600 976 Morte
622 911 771 976 Willelmr'
791 911 895 996 Rapis.

247 1024 379 1088 Verum
406 1028 488 1090 dum
512 1029 548 1090 in
577 1016 707 1092 oriente
734 1047 755 1091 a
792 1027 918 1089 nostris
949 1027 1146 1107 proceribus
1161 1059 1259 1098 Rufini,

198 1123 333 1187 fortiter
354 1134 457 1208 atque
480 1126 623 1191 feliciter
645 1135 818 1208 ageretur,
841 1125 907 1189 iste
933 1145 995 1188 rex
1018 1132 1145 1203 noster,
1158 1109 1232 1202 {llll
1233 1111 1260 1196 ll,
1269 1119 1309 1196 21¹1,

198 1223 465 1305 propellentibus
487 1227 626 1290 eumad
647 1227 823 1291 interitum
842 1225 942 1287 malis
961 1225 1045 1301 suis,
1063 1243 1144 1289 con·
1160 1209 1296 1250 ⁸⁰'F⁰¹²⁸‘

199 1322 338 1403 dignum
355 1325 527 1388 effrenatae
543 1326 711 1408 superbiae
723 1325 825 1388 finem
835 1323 999 1403 incurrit3
1018 1343 1098 1386 nam
1109 1324 1143 1386 in

197 1423 379 1490 venatione
399 1443 473 1500 sua,
491 1425 621 1505 sagitta
642 1424 771 1507 proprii
793 1423 921 1499 militis,
937 1422 1039 1486 homo
1055 1422 1144 1486 fero-

197 1521 353 1586 cissimus
370 1543 432 1605 pro
453 1523 526 1587 fera
547 1524 727 1589 confossus
748 1523 887 1587 interiit.
940 1524 1034 1587 Dum
1056 1523 1145 1586 enim

197 1620 232 1682 in
255 1621 359 1698 Nova
386 1622 543 1699 Foresta,
567 1644 645 1706 quae
674 1622 820 1705 Anglice
843 1621 983 1687 Ythene
1008 1622 1145 1700 dicitur,

198 1728 326 1783 venatu
339 1721 460 1790 fuisset
475 1730 675 1806 occupatus,
689 1723 873 1804 aquodam
888 1721 995 1785 milite
1013 1721 1146 1786 Franco

200 1819 381 1897 Woltero,l
412 1823 614 1904 cognomine
651 1821 792 1899 Tirello,
840 1822 969 1902 sagitta
1008 1821 1146 1886 incaute

197 1920 328 1984 directa
352 1941 546 2002 percussus,
569 1923 676 1986 vitam
702 1921 813 1985 finivit
839 1929 874 1983 et
903 1920 1059 2001 gloriam,
1085 1922 1149 1984 sci-

198 2017 280 2082 licet
309 2019 460 2101 quart0²
492 2040 600 2084 nonas
630 2019 792 2119 Augusti,
818 2019 903 2082 seria
939 2019 1133 2101 quintae
1115 2027 1279 2087 etrrunny
1377 2077 1380 2083 .

199 2117 413 2182 Wintoniam
444 2119 680 2200 deportatus'
671 2139 706 2181 1n
737 2118 880 2181 ecclesia
912 2118 1023 2181 sancti
1054 2091 1226 2182 Petriugu
1183 2091 1273 2138 ”W

202 2218 359 2300 sepultus
383 2227 445 2284 est.
499 2219 541 2281 In
565 2219 684 2282 eodem
707 2238 789 2281 vero
813 2218 888 2281 loco
911 2237 980 2298 quo
1003 2237 1065 2280 rex
1092 2237 1148 2281 oc-

202 2317 332 2393 cubuit,
359 2319 478 2400 priscis
506 2319 716 2401 temporibus
741 2316 886 2380 ecclesia
922 2317 1035 2380 fuerat
1069 2337 1149 2380 con·
1220 2358 1222 2362 -

203 2424 358 2496 structa3
386 2418 444 2480 sed
470 2424 624 2501 tempore
645 2418 753 2500 patris
776 2417 830 2480 sui
852 2436 969 2480 omnes
985 2417 1150 2494 ecclesiae,

203 2536 282 2579 eum
299 2524 374 2580 tota
389 2517 449 2580 illa
467 2518 591 2598 patria,
606 2517 641 2580 in
656 2516 874 2580 solitudinem
891 2523 972 2580 sunt
991 2513 1150 2593 redactae,
1204 2533 1208 2540 ·

202 2624 237 2679 et
261 2616 365 2680 fiebat
387 2617 512 2680 ibidem
535 2616 632 2698 regia
648 2613 786 2681 foresta.
840 2617 883 2679 In
907 2617 1026 2680 eadem
1048 2616 1152 2680 etiam

203 2715 332 2779 foresta
362 2736 546 2797 germanus
573 2716 664 2798 regis
690 2715 897 2792 ‘Ricardum
925 2713 1053 2779 filius’³
1080 2716 1152 2779 Ro-

204 2817 292 2878 berti
315 2816 449 2880 comitis
483 2816 718 2893 Normanniae,
755 2816 836 2878 dum
870 2823 907 2878 et
944 2815 1019 2897 ipse
1048 2816 1153 2897 paulo

204 2922 284 2978 ante
306 2915 341 2977 in
364 2917 546 2979 venatione
571 2914 704 2993 fuisset,
729 2935 750 2979 a
777 2935 840 2979 suo
865 2915 1022 2978 similiter
1046 2916 1154 2978 milite

204 3015 334 3095 sagitta
359 3035 543 3097 percussus
569 3016 740 3081 occubuit.
807 3015 865 3091 Et,
889 3015 1075 3078 secundum
1096 3015 1153 3099 ju·

205 3113 331 3176 dicium
357 3115 486 3197 populi,
509 3115 661 3179 vindicta
684 3115 750 3179 Dei
772 3114 837 3177 fuit
860 3115 944 3191 baec,
963 3115 1045 3195 quia
1069 3123 1153 3178 tem-

108 3271 109 3274 ,
205 3214 346 3294 poribus
371 3214 533 3278 Edwardi
555 3215 646 3296 regis
669 3222 703 3277 et
727 3214 871 3277 aliorum
893 3233 1013 3295 regum
1036 3214 1155 3278 eadem

205 3313 319 3394 patria
350 3313 538 3377 cultoribus
568 3315 645 3378 Dei'
664 3320 699 3377 et
727 3313 878 3375 ecclesiis
917 3313 1024 3376 sacris
1057 3314 1156 3375 uber-

206 3413 290 3474 rime
317 3413 508 3492 renitebat;
539 3414 610 3489 sed,
637 3421 675 3476 ut
699 3412 918 3488 dictumest,
941 3411 1043 3495 jussu
1066 3411 1155 3475 Wil-

205 3511 299 3574 lelmi
326 3513 416 3593 regis
444 3513 587 3576 senioris
613 3511 806 3576 hominibus
833 3511 975 3593 fugatis,
999 3511 1157 3576 domibus

243 3709 249 3738 ¹
267 3712 364 3760 Walter
382 3727 411 3759 or
430 3711 548 3761 Gaultier
558 3713 635 3774 Tirel,
652 3727 668 3760 a
732 3709 742 3739 ⁹
757 3712 819 3761 ‘l'bis
825 3713 884 3761 date
895 3713 918 3762 is
930 3711 1067 3772 supported
1075 3713 1108 3772 by
1117 3711 1158 3759 the

206 3782 303 3830 French
315 3781 423 3844 knight;
434 3782 489 3831 also
498 3782 579 3830 called
588 3782 670 3833 Gaul·
695 3783 781 3830 Saron
797 3781 941 3844 Chronicle,
960 3778 1094 3842 Hoveden,
1105 3781 1159 3828 An-

204 3853 253 3898 tier
264 3852 295 3900 de
308 3851 374 3900 Poix
387 3851 450 3899 from
469 3851 509 3900 his
524 3853 670 3913 posseseing
695 3853 751 3900 nals
763 3853 938 3913 ofWaverley,
954 3851 1003 3900 and
1020 3851 1062 3898 the
1078 3851 1160 3899 Monk

205 3921 334 3969 extensive
345 3921 419 3969 landa
431 3922 458 3969 iu
469 3922 512 3970 the
524 3926 629 3982 country
645 3922 674 3968 of
695 3921 724 3968 of
730 3921 856 3971 Durham.
879 3921 992 3969 William
1000 3920 1030 3970 ol
1039 3919 1160 3967 Malmes·

207 3990 283 4052 Poix,
301 3991 351 4038 and
371 3992 397 4038 iu
409 3991 545 4040 Ponthieu.
581 3993 671 4052 Suger,
698 3991 771 4051 bury,
783 3991 833 4038 and
843 3990 886 4038 the
898 3989 1034 4038 Annalsoi
1046 3989 1160 4036 Dunsta·

206 4076 222 4108 a
241 4066 432 4122 contemporary
451 4061 582 4121 historian,
604 4060 671 4120 posi·
697 4060 749 4121 ple,
759 4059 886 4121 however,
897 4063 962 4107 state
973 4058 1029 4107 that
1039 4057 1081 4106 the
1091 4058 1160 4119 liing

207 4131 285 4192 tively
296 4130 411 4179 declares
423 4130 478 4178 that
488 4129 619 4178 Tirelwas
630 4133 674 4177 not
698 4143 752 4178 was
764 4129 829 4177 elain
841 4143 873 4176 on
884 4128 926 4176 the
939 4132 978 4176 lst
990 4128 1018 4175 of
1026 4128 1138 4188 August.

207 4201 346 4250 concerned
358 4201 385 4249 in
396 4201 438 4250 tbe
446 4201 538 4263 King's
550 4199 634 4250 death.
735 4195 745 4225 ³
762 4198 883 4250 ‘Ricardi
890 4199 953 4261 filii,'
962 4197 1019 4247 MS.
1029 4197 1096 4247 (tou.
1103 4197 1160 4246 Tib.

259 4317 338 4364 VOL.
365 4317 388 4362 l.
989 4315 1011 4360 D
