3132 4988
280 655 354 709 licury
364 659 395 702 11.

259 763 263 768 ,
279 710 404 751 nonus.

266 761 413 775 *nn-—

426 473 489 540 los
786 482 1005 538 'onnoutoon

421 651 609 732 sexaginta
630 648 750 731 procul
770 649 808 712 in
831 647 963 730 campis
984 653 1150 728 tanquam
1172 661 1314 710 securus
1337 651 1374 708 et

425 750 508 814 nihil
552 750 617 813 sibi
658 759 825 821 metuens,
856 747 1081 829 irruptionem
1119 753 1314 810 nostrorum
1353 765 1375 809 a

423 857 538 914 castro
564 849 784 925 observabat,
803 848 1028 911 barbarorum
1054 844 1272 908 multitudine
1295 863 1373 910 cum

422 955 521 1031 parte
549 948 725 1032 equitatus
761 947 805 1010 ad
836 946 971 1029 praedas
1000 945 1071 1008 late
1101 944 1279 1025 dispersa:
1314 945 1376 1025 qni

422 1048 581 1112 nimirum
598 1047 724 1111 nostris
741 1046 947 1128 conspectis,
966 1042 1230 1127 primoquidem
1248 1063 1307 1106 eos
1330 1043 1374 1107 de

421 1148 493 1210 suis
502 1167 530 1224 ,a
544 1147 663 1229 praeda
676 1145 899 1211 redeuntibus
911 1140 986 1208 'esse
1001 1151 1097 1207 ratus
1114 1149 1188 1218 est;
1213 1143 1272 1205 sed
1289 1161 1371 1207 mox

421 1247 573 1309 vexillis¹
591 1253 787 1310 nostrorum
817 1251 919 1308 caute
953 1244 1094 1320 notatis,
1125 1250 1209 1307 tunc
1231 1241 1370 1306 demum

422 1344 598 1409 intellexit
620 1351 759 1409 nostros
779 1343 853 1428 jam
879 1361 982 1407 ausos
1000 1342 1093 1424 quod
1109 1342 1202 1425 ipsos
1218 1361 1280 1404 nec
1296 1362 1372 1405 sus·

423 1443 532 1526 picari
547 1444 662 1526 potuit
679 1462 754 1507 esse
772 1462 939 1521 ausuros3
963 1461 1005 1506 ac
1027 1449 1099 1505 tum
1116 1461 1184 1504 non
1201 1449 1254 1505 est
1271 1443 1371 1505 terri·

421 1553 493 1621 tus,
503 1544 563 1607 sed
580 1561 662 1608 mox
673 1549 683 1577 ‘
696 1542 866 1606 ferociter'
875 1541 884 1576 ¹
894 1561 990 1606 arma
1003 1541 1213 1617 concutiens,
1223 1533 1373 1624 suosque

424 1644 529 1707 verbo
545 1642 648 1707 simul
672 1650 708 1706 et
733 1643 892 1724 exemplo
906 1641 1108 1728 accendens,
1126 1645 1150 1674 “
1163 1639 1306 1718 Modo,”
1319 1642 1372 1704 in·

423 1742 511 1823 quit,
528 1748 552 1778 “
563 1742 744 1824 apparebit
766 1743 844 1824 quis
860 1739 964 1805 'miles
979 1759 1055 1804 esse
1072 1739 1241 1805 noverit.’'
1293 1737 1372 1804 Pri·

422 1860 569 1925 musque
585 1842 621 1904 in
644 1841 792 1918 hostem,
809 1841 1034 1923 sequentibus
1060 1839 1206 1916 caeteris,
1228 1840 1373 1917 irruenS,

418 1960 505 2005 'mox
523 1960 544 2004 a
560 1942 686 2005 nostris
698 1941 881 2023 excipitur,
898 1949 1002 2022 atque
1019 1939 1200 2003 interfecto
1217 1938 1372 2021 dejectus

262 2067 406 2107 ancletum:
423 2059 514 2122 equo
537 2061 614 2105 oum
630 2040 700 2105 sere
726 2047 802 2105 tota
824 2047 939 2103 turma
963 2035 1028 2103 su'a
1050 2039 1206 2121 capitur;
1231 2039 1392 2122 qnidam,

261 2116 357 2204 ffinoner
365 2117 392 2166 by

298 2166 364 2215 nulpb
374 2168 401 2207 de

263 2215 378 2258 Glsnvtlle.

417 2141 529 2206 ¹etitua
545 2142 603 2223 qui
622 2150 703 2204 tunc
715 2140 802 2203 forte
817 2140 971 2215 aberant,
988 2139 1048 2202 sed
1065 2157 1133 2201 non
1147 2137 1249 2219 longe
1259 2148 1372 2216 erant,

425 2241 547 2320 agnito
576 2238 669 2322 quod
699 2239 883 2315 acciderat,
910 2257 993 2301 mox
1020 2255 1124 2301 cursu
1154 2237 1372 2319 rapidissimo

426 2336 608 2412 affuerunt,
625 2344 730 2418 atque
747 2339 783 2401 in
799 2356 921 2402 manus
939 2337 1088 2401 hostium
1115 2338 1311 2417 ingerentes
1334 2359 1372 2402 se

425 2437 540 2517 potius
573 2455 677 2518 quam
699 2437 899 2514 incidentes,
921 2437 1091 2501 dominico
1122 2437 1372 2502 communicare

425 2536 578 2616 periculo
601 2534 780 2599 honestum
804 2536 1032 2600 crediderunt.
1084 2535 1194 2599 Porro
1210 2535 1373 2616 Rogerus

418 2633 466 2698 de
478 2642 488 2670 ‘
500 2635 536 2698 M
541 2632 717 2718 oubray,'²
732 2637 791 2717 qui
801 2636 930 2729 ibidem
941 2643 1023 2700 tunc
1033 2634 1165 2711 aderat,
1178 2654 1259 2717 rege
1267 2644 1372 2717 capto

424 2734 565 2816 elapsus
595 2735 717 2811 evasit,
745 2734 940 2817 refugitque
968 2737 1003 2799 in
1032 2735 1195 2799 Scotiam.
1248 2735 1372 2799 Nostri

424 2852 507 2896 vero
525 2853 684 2915 proceres
699 2835 847 2897 nobilem
867 2853 945 2898 cum
960 2833 1087 2916 gaudio
1104 2832 1255 2916 praedam
1274 2853 1371 2898 reve·

423 2931 556 3009 hentes,
587 2932 775 2996 Castellum
801 2933 955 3010 Novum,
981 2933 1071 2996 unde
1103 2952 1204 2996 mane
1225 2933 1371 3014 digressi

421 3030 570 3109 fuerant,
585 3051 729 3114 vespere
745 3033 930 3096 redierunt.
983 3031 1129 3097 Gestum
1146 3040 1199 3097 est
1212 3032 1278 3096 hoc
1294 3033 1370 3097 feli-

422 3121 508 3193 citer
518 3131 596 3195 Deo
610 3132 759 3214 propitio
772 3127 863 3195 anno
877 3132 986 3213 ipsius
1008 3131 1149 3195 Domini
1165 3148 1371 3210 mccxxw„

348 3281 361 3319 5
422 3229 524 3294 tertio
539 3231 615 3294 idus
626 3231 649 3296 J
651 3230 724 3307 ulii,
739 3231 774 3293 in
791 3232 948 3295 sabbato.
988 3230 1097 3312 Regis
1114 3250 1197 3312 ergo
1211 3232 1371 3313 captione

417 3338 608 3412 comperta,
626 3331 763 3395 barbari
784 3331 895 3412 primo
919 3331 1058 3394 attoniti
1080 3348 1102 3394 a
1127 3329 1252 3412 praedis
1267 3331 1370 3395 desti-

420 3437 563 3495 terunt:
596 3430 655 3494 sed
689 3431 759 3493 cito
787 3438 868 3512 post
908 3435 1073 3510 tanquam
1104 3429 1202 3492 furiis
1235 3431 1372 3511 agitati,

419 3525 546 3591 ferrum
562 3536 684 3593 contra
698 3524 815 3592 hostes
830 3535 1006 3610 sumptum
1023 3529 1058 3592 in
1074 3529 1207 3611 seipsos
1225 3530 1373 3593 finaliter

419 3632 620 3704 verterunt3
647 3625 838 3690 interfectis
861 3627 1068 3709 quibusdam
1090 3629 1186 3709 prius
1214 3626 1373 3710 Angliois

418 3724 479 3804 qui
498 3725 588 3788 inter
608 3725 668 3787 eos'
693 3723 941 3790 habitationem
964 3727 1151 3808 elegerant,
1167 3733 1203 3791 et
1225 3747 1371 3810 quorum

418 3841 546 3903 magna
567 3841 648 3904 pars
670 3823 708 3887 in
722 3842 840 3887 eorum
855 3826 1010 3889 exercitu
1028 3826 1151 3906 fuerat,
1171 3826 1373 3907 refugienti-

417 3921 482 3984 bus
514 3929 630 3987 tameu
662 3921 699 3985 in
729 3923 937 3988 munitiones
970 3925 1086 4006 regias
1115 3924 1287 4008 aliquibus
1310 3927 1370 4008 qui

452 4150 458 4179 ¹
476 4145 651 4211 ‘ferventius'
662 4149 719 4198 MS.
729 4149 796 4200 Cott.
807 4150 879 4209 Tib.;
939 4145 950 4176 ²
966 4146 1107 4211 ‘Mulsay,'
1124 4152 1202 4202 MSS.
1215 4152 1281 4202 coll.
1297 4153 1374 4205 Arm·

418 4218 500 4267 ‘illico
511 4215 646 4283 velociter,'
656 4219 714 4268 MS.
728 4219 821 4269 Lansd.
904 4220 954 4268 and
966 4219 1033 4270 Cott.
1044 4221 1101 4270 Tib.
