3122 4982
400 465 467 530 248
771 477 981 528 cncomcon

278 658 343 700 John·
404 643 503 708 chius
525 641 568 706 de
593 639 881 724 Vescy¹·habens
902 637 1067 704 uxorem²
1089 639 1357 722 pulcherrimam

242 708 392 774 Q
405 749 416 781 ‘
428 751 463 808 et
484 749 617 806 castam
630 739 797 824 :'³,quam
817 759 894 803 cum
917 740 992 822 ipse
1018 759 1080 802 rex
1098 739 1191 804 ultra
1214 739 1354 802 modum

403 841 673 925 concupisceret,
700 860 763 903 nec
789 838 903 922 potuit
926 839 970 902 ad
1001 857 1078 903 cam
1106 839 1289 920 attingere,
1312 857 1355 901 eo

405 942 497 1025 q'uod
535 961 598 1022 per
628 939 803 1003 dominum
838 954 938 1002 suum
969 957 991 1002 a
1020 945 1210 1021 conspectu
1244 937 1355 1020 ipsius

403 1041 541 1122 longius
575 1041 768 1115 tenebatur,
801 1044 852 1101 et·
876 1037 998 1119 gratis,
1035 1029 1240 1119 ‘contigit’⁴
1272 1037 1354 1099 dum

404 1141 555 1223 quadam
585 1137 641 1202 die
671 1137 773 1202 simul
807 1136 842 1198 in
873 1155 994 1200 mensa
1025 1137 1185 1200 sederent
1221 1155 1284 1198 rex
1319 1144 1355 1199 et

405 1238 614 1303 Eustachius
639 1236 725 1301 vidit
749 1255 813 1299 rex
845 1235 1009 1300 annulum
1035 1237 1071 1298 in
1097 1234 1206 1316 digito
1221 1234 1297 1318 ejus
1319 1242 1355 1298 et

404 1336 630 1422 apprehendit
657 1355 748 1411 eum,
775 1335 891 1398 dicens
919 1353 957 1398 sc
984 1334 1111 1398 habere
1141 1333 1354 1397 consimilem

404 1435 554 1519 lapidem
567 1455 668 1517 quom
689 1435 808 1498 eodem
823 1432 969 1498 artificio
981 1433 1089 1497 vellet
1109 1433 1145 1496 in
1170 1453 1255 1496 auro
1273 1452 1354 1497 con-

403 1534 517 1614 cludi3
543 1531 592 1598 At
608 1533 667 1596 illc
690 1533 774 1596 nihil
790 1533 871 1596 mali
884 1533 1064 1616 suspicans
1079 1531 1355 1597 accommodavit

403 1651 481 1696 eum
504 1633 596 1714 regi:
620 1652 683 1695 rex
699 1651 782 1697 vero
797 1632 909 1695 accito
926 1631 1105 1695 confestim
1128 1649 1235 1712 puero
1258 1630 1355 1695 misit

404 1751 482 1796 cum
519 1751 597 1795 cum
637 1731 767 1795 annulo
799 1731 843 1795 ad
883 1750 1028 1794 uxorem
1063 1730 1254 1806 Eustachii,
1292 1730 1355 1811 qui

403 1830 533 1895 diceret
546 1831 578 1894 ci
591 1850 635 1894 ex
651 1837 749 1913 parte
764 1829 918 1912 ejusdcm
939 1830 1069 1895 domini
1083 1830 1137 1893 sui
1159 1829 1250 1912 quod
1273 1849 1353 1892 cum

402 1930 624 1995 festinatione
652 1930 786 1994 veniret
810 1930 853 1992 ad
878 1948 954 1992 cum
982 1929 1191 2004 Londonias‚
1221 1929 1250 1991 si
1273 1947 1353 1992 eum

402 2048 555 2113 unquam
583 2029 701 2093 vider‘c
727 2029 832 2094 vellet
855 2029 891 2091 in
913 2029 997 2105 vita,
1013 2048 1054 2093 eo
1078 2029 1170 2111 quod
1199 2027 1354 2092 infirma-

402 2129 505 2193 batur
515 2129 558 2192 ad
570 2135 726 2192 mortem.
781 2126 829 2190 At
840 2128 914 2205 illa,
925 2129 1001 2191 viso
1013 2126 1152 2202 annulo,
1170 2126 1352 2191 confestim

402 2227 613 2310 properavit,
633 2227 775 2290 credens
798 2246 875 2290 esse
892 2222 1034 2290 ‘vere'⁵
1055 2245 1133 2309 quae
1149 2226 1354 2291 dicebantur

402 2327 456 2404 ci;
480 2325 626 2406 contigit
644 2315 800 2389 ‘modo’⁶
814 2325 870 2389 die
887 2327 1036 2408 quadam
1060 2326 1139 2390 dum
1163 2325 1353 2408 spatiatum

401 2425 468 2488 iret
480 2424 639 2487 dominus
663 2423 738 2506 ejus
763 2443 784 2486 a
808 2444 890 2488 casu
914 2425 1069 2489 obviavit
1088 2426 1132 2500 ei,
1154 2431 1189 2488 et
1211 2443 1253 2488 ea
1277 2425 1354 2488 visa

403 2522 576 2587 admirans
596 2524 657 2598 ait,
674 2522 803 2602 “Quid
820 2523 895 2604 agis
910 2523 978 2601 hic,
996 2523 1026 2586 Ο
1043 2524 1182 2588 domina
1197 2513 1350 2587 ‘mmm'

407 2621 452 2686 At
472 2622 534 2686 illa
563 2622 612 2685 rei
640 2622 761 2686 seriem
786 2623 941 2705 pandens
957 2623 1108 2687 ostendit
1131 2623 1163 2686 ei
1186 2622 1352 2686 annulum

402 2739 522 2796 suum3
547 2721 608 2803 qui
631 2722 723 2802 regis
750 2721 906 2786 fraudem
924 2723 1047 2798 sciens,
1063 2722 1123 2799 ait,
1149 2727 1172 2756 “
1185 2721 1352 2798 Dolosc,'’

403 2820 527 2901 inquit,
559 2826 717 2884 “vocate
741 2839 778 2883 es
805 2828 844 2885 ut
872 2821 1032 2884 illuderet
1059 2822 1121 2885 tibi
1144 2840 1228 2884 rex:
1261 2839 1354 2884 nunc

403 2936 485 2998 crgo
503 2924 625 2981 ornata
639 2918 674 2980 in
689 2927 786 2983 veste
800 2927 872 2983 tua
885 2919 1005 2984 lotrice
1020 2919 1077 2984 vel
1094 2919 1271 2983 meretrice
1288 2919 1354 2982 ali·

402 3035 564 3098 quequae
579 3016 792 3098 ingrediatur
808 3018 852 3081 ad
867 3038 982 3100 regem
997 3019 1073 3082 loco
1091 3018 1153 3094 tui,
1168 3024 1207 3081 tu
1222 3019 1354 3100 absque

401 3114 474 3179 ulla
496 3115 659 3180 dilatione
685 3124 857 3180 revertere
881 3118 917 3181 in
943 3117 1057 3180 locum
1083 3117 1174 3180 unde
1191 3117 1354 3181 venisti.’'

402 3213 483 3293 Quo
500 3215 605 3292 facto,
622 3215 678 3278 die
695 3216 941 3297 quadam'dum
965 3211 1268 3280 confabularentur
1284 3217 1354 3280 ‘ad

400 3312 578 3378 invicem'⁸
595 3333 656 3378 rex
672 3321 707 3377 et
725 3314 946 3392 Eustachius,
964 3323 999 3378 et
1017 3315 1224 3397 gloriaretur
1237 3333 1301 3378 rex
1318 3315 1355 3378 in

399 3413 561 3493 operibus
573 3413 644 3476 suis
659 3413 828 3494 pessimis,
843 3415 893 3478 ait
911 3433 984 3490 rex,
998 3419 1021 3448 “
1035 3413 1222 3478 Pulchram
1231 3413 1354 3492 habea,

350 3531 352 3534 ·
401 3510 431 3573 0
459 3511 637 3588 Eustachi,
655 3511 829 3576 dominam
853 3520 888 3577 et
910 3521 1081 3578 nocturno
1108 3513 1245 3577 silentio
1267 3515 1355 3577 bone

407 3765 411 3772 ²
434 3745 442 3776 ¹
461 3748 573 3796 Eustace
584 3748 616 3797 dc
627 3748 705 3796 Vesci
716 3761 771 3797 was
780 3764 826 3798 one
835 3751 863 3798 of
921 3765 931 3794 ⁴
947 3769 1071 3831 ‘configit
1088 3769 1174 3830 emp
1187 3769 1244 3818 Ms,
1257 3769 1354 3818 Lansd.

397 3816 440 3864 the
451 3818 604 3877 twenty-five
619 3818 711 3866 barons
723 3819 860 3878 appointed
923 3851 933 3880 5
950 3855 1064 3903 Omitted
1077 3855 1103 3902 in
1115 3854 1173 3904 MS·
1185 3853 1252 3904 0011·
1262 3853 1338 3903 Am,

396 3891 423 3934 to
454 3885 553 3935 enlorce
585 3886 628 3935 the
657 3887 810 3936 ohservanca
835 3889 864 3937 of

397 3956 609 4018 Magnacharta,
705 3997 710 4006 ,
921 3935 1041 4000 ⁶‘vcro,⁸
1070 3940 1147 3990 MSS.
1179 3939 1276 3990 Lansd.
1304 3940 1357 3988 and

432 4022 519 4074 ²This
546 4026 607 4088 lady
633 4039 689 4074 was
722 4025 862 4088 Margaret,
887 4008 1023 4059 ⁰⁰it·Tib·
1229 4078 1234 4089 ,

396 4093 521 4156 daughter
541 4095 570 4144 of
588 4095 701 4144 Willicrn
724 4095 765 4145 tho
789 4096 862 4158 bion,
921 4075 1263 4142 ⁷‘mestr’MS·0⁰tt·T¹b·

397 4163 467 4225 King
478 4163 506 4212 of
514 4165 643 4214 scotland.
920 4160 932 4192 ⁸
949 4164 1062 4213 Omitted
1073 4165 1100 4212 in
1113 4163 1190 4214 MSS.
1199 4163 1296 4214 Lansd.
1304 4163 1357 4212 and

432 4233 442 4262 ³
459 4233 573 4282 Omitted
582 4235 608 4282 in
621 4235 677 4285 MS.
687 4235 782 4284 Lansd.
887 4231 954 4284 Gott.
966 4234 1023 4282 Tib.
