3132 4988
410 489 580 536 wnn'rnnr
605 490 651 534 nn
674 489 958 537 nantuacensis.
1091 473 1155 535 311

206 642 353 705 eundum
375 645 491 708 essent
512 651 639 721 erecta,
654 645 766 707 factus
790 653 844 708 est
865 645 984 725 utique
1001 642 1155 708 ululatus
1181 656 1308 746 {isitii}

207 741 347 818 multus,
356 749 391 805 et
399 743 530 806 clamor
546 744 665 825 populi
681 743 837 807 ascendit
847 739 897 806 'ad
914 744 1072 818 barones,
1087 743 1155 806 fes·
1167 731 1316 772 ””····““’

207 839 475 924 tinaveruntque
514 843 640 906 ibidem
673 843 843 917 resistere,
874 841 935 906 sed
967 843 1153 916 incassum,

207 940 369 1018 quoniam
384 942 430 1003 ab
448 941 605 1004 hostibus
624 941 699 1023 jam
723 943 759 1004 in
785 959 913 1022 magna
936 940 1154 1004 multitudine

205 1040 374 1116 praeventi
398 1046 501 1119 sunt3
524 1039 644 1103 Simon
670 1059 753 1103 vere
772 1039 913 1122 juvenis
939 1059 1017 1103 cum
1047 1039 1152 1102 Petro

207 1134 250 1197 de
275 1136 497 1201 Mente-forti
522 1144 558 1201 et
583 1139 704 1219 paucis
735 1157 813 1201 eum
837 1139 1060 1219 sequentibus
1091 1157 1157 1219 per

205 1234 354 1299 medium
390 1255 509 1299 eorum
546 1237 753 1312 transiliens,
784 1255 862 1298 cum
904 1236 1154 1316 aliquantisper

204 1339 344 1395 strenue
370 1334 554 1398 militasset
575 1342 611 1398 et
635 1342 727 1399 esset
754 1336 799 1397 ab
825 1335 982 1398 hostibus
1007 1334 1152 1397 circum-

205 1439 338 1512 septus,
356 1433 561 1496 adveniente
570 1433 646 1515 jam
667 1433 739 1495 filio
754 1431 846 1511 regis
865 1431 1037 1494 Edwardo
1049 1432 1152 1512 jussu

160 1546 162 1550 ’
205 1528 313 1609 ipsius
335 1537 459 1610 captus
480 1537 551 1608 est;
576 1531 690 1593 clerici
715 1549 797 1594 vero
818 1530 1053 1592 universitatis
1079 1530 1153 1592 Ox-

206 1627 307 1705 oniae‚
336 1647 415 1709 quae
449 1629 587 1709 quidem
619 1629 825 1692 universitas
850 1627 953 1709 jussu
984 1629 1152 1691 baronum

205 1725 331 1788 ibidem
360 1727 531 1790 translata
554 1727 679 1802 suerat,
710 1728 795 1808 ipsis
824 1726 1095 1806 ingredientibus
1117 1735 1152 1790 ct

205 1823 450 1889 insultantibus
463 1825 597 1907 majora
612 1825 804 1889 inferebant
818 1825 1025 1906 malequam
1036 1828 1151 1888 caeteri

206 1923 351 1986 barones
368 1944 446 1986 cum
461 1924 588 2001 fundis
603 1933 639 1988 et
656 1926 815 2000 arcubus,
830 1929 866 1986 et
885 1923 1032 1999 balistis,
1046 1923 1150 1986 habc-

205 2021 290 2084 bant
307 2023 397 2084 enim
412 2023 579 2086 vexillum
600 2043 662 2105 per
684 2043 721 2086 se
746 2031 781 2086 et
804 2023 840 2085 in
860 2022 1007 2086 sublime
1029 2030 1151 2086 contra

204 2139 321 2200 regem
350 2130 521 2201 erectum3
553 2121 644 2186 unde
666 2124 776 2185 iratus
798 2141 861 2183 rex
879 2121 1013 2204 juravit
1038 2121 1075 2182 in
1096 2122 1148 2182 in-

204 2238 328 2298 gressu
353 2221 442 2301 quod
468 2221 758 2302 suspenderentur
780 2237 910 2296 omncS,
936 2239 1005 2300 que
1031 2219 1150 2283 audite

206 2325 364 2381 raserunt
378 2319 494 2399 capita
515 2339 580 2382 sna
601 2319 702 2382 multi
723 2325 761 2381 ct
783 2318 900 2397 sugam
916 2319 976 2398 qui
990 2325 1151 2399 poterant

206 2416 358 2479 velocem
390 2417 552 2480 inierunt.
605 2417 769 2498 Ingresso
789 2417 907 2497 itaque
930 2436 1012 2496 rege
1037 2417 1072 2478 in
1095 2437 1152 2478 ur-

206 2515 296 2590 bem,
314 2514 446 2578 utinam
472 2522 640 2591 sanctam,
664 2515 826 2596 fugerunt
851 2514 962 2591 multi,
985 2515 1035 2578 ita
1060 2516 1152 2578 sicut

206 2619 307 2676 crant
332 2614 469 2689 armati,
495 2615 531 2676 in
561 2621 732 2694 castrum3
756 2613 815 2675 alii
842 2613 971 2675 relictis
997 2615 1095 2693 equis
1117 2623 1152 2677 et

206 2711 311 2773 armis
340 2712 377 2774 in
403 2712 603 2791 ecclesiam3
626 2713 730 2794 pauci
753 2719 869 2775 tamen
892 2719 1095 2774 corruerunt
1117 2721 1153 2775 et

206 2809 241 2871 lri
258 2810 396 2890 quidem
420 2810 462 2873 de
484 2812 656 2874 communi
678 2810 819 2894 populo,
834 2829 898 2873 nec
924 2817 999 2874 erat
1023 2809 1153 2874 multus

204 2909 347 2988 sanguis
361 2907 502 2988 effusus,
517 2911 679 2991 quoniam
696 2910 796 2992 quasi
813 2909 928 2972 subite
946 2909 1153 2972 haecomnia

205 3007 418 3071 factasunt:
442 3009 626 3090 pacificata
648 3009 785 3073 tandem
809 3009 893 3071 urbe
903 3008 1010 3089 jussit
1031 3027 1095 3070 rex
1117 3009 1152 3070 in

204 3105 339 3168 clericis
355 3109 507 3170 exerceri
531 3109 622 3188 quod
643 3107 844 3189 juraverat,
866 3112 903 3168 ct
923 3105 1087 3169 dixerunt
1109 3107 1152 3182 ei,

206 3202 338 3267 “Absit
352 3205 418 3268 hcc
429 3225 451 3268 a
460 3213 506 3282 te,
517 3207 547 3270 Ο
559 3225 631 3284 rex,
643 3225 723 3270 nam
733 3206 1000 3284 filiimagnntum
1014 3211 1152 3267 tuorum

206 3310 242 3364 et
268 3310 471 3366 caetercrum
497 3305 672 3368 hominum
699 3306 741 3367 de
768 3323 874 3383 regnu
899 3309 959 3366 tuo
983 3302 1050 3363 huc
1074 3321 1152 3364 cunr

206 3402 431 3465 universitate
446 3411 692 3480 convenerunt,
701 3421 788 3484 quos
805 3403 836 3464 si
852 3401 1014 3482 suspendi
1032 3399 1152 3463 feceris

205 3519 268 3562 seu
285 3500 481 3564 detruncari
495 3503 676 3583 insurgent
690 3503 726 3564 in
741 3509 776 3564 te
791 3500 895 3564 etiam
910 3500 962 3562 tui
976 3499 1035 3580 qui
1051 3500 1152 3564 medo

206 3605 320 3661 tecum
343 3606 436 3677 sunt,
455 3620 523 3665 non
552 3603 790 3682 permittentes
815 3619 878 3680 pro
896 3617 997 3680 posse
1013 3599 1152 3677 sangui-

203 3716 281 3758 nem
304 3697 451 3761 filiorum
475 3719 615 3763 suorum
639 3719 700 3762 seu
724 3699 959 3780 proximorum
982 3696 1153 3760 effundi:’'

203 3796 430 3878 placatusque
445 3805 498 3861 est
514 3818 588 3874 rex,
609 3805 643 3862 et
655 3804 776 3861 contra
790 3796 932 3860 clericos
948 3797 1079 3877 quievit
1101 3797 1153 3858 ira

204 3894 292 3975 ejus,
345 3896 389 3959 In
405 3897 479 3978 ipso
504 3896 609 3960 etiam
627 3898 745 3960 eedem
764 3897 831 3968 die,
846 3901 926 3976 post
948 3894 1067 3958 horam
1089 3893 1152 3955 ali-

204 4001 383 4075 quantam,
398 3995 562 4060 insultum
585 3995 739 4058 fecerunt
766 3993 809 4055 ad
836 3999 986 4054 castrum
1010 3991 1076 4072 ipsi
1098 4010 1152 4053 re-

204 4093 314 4172 gales,
331 4093 586 4176 timueruntque
602 4094 667 4157 sibi
684 4089 766 4156 novi
779 4096 985 4164 castrenses,
1002 4108 1042 4152 eo
1060 4089 1150 4170 quod

202 4190 368 4254 victualia
383 4199 418 4257 et
440 4199 567 4256 caetera
590 4191 768 4257 resistendi
797 4189 990 4256 necessaria
1005 4207 1073 4252 non
1090 4187 1151 4250 ha-
