3122 4982
405 481 575 530 wicram
602 481 646 527 un
670 480 953 528 unurncsuncn.
1086 461 1151 526 189

198 636 305 714 sacto,
321 641 493 722 principes
508 649 543 704 et
558 640 677 722 populi
696 641 854 704 certatim
877 641 1065 723 repatriare
1081 657 1150 702 coe·
1177 644 1302 736 ptem·

199 747 336 818 parunt,
363 759 456 802 anno
481 741 525 802 ab
556 737 818 820 expugnatione
842 737 1070 803 Ptolomaidos
1097 719 1314 801 sea-‘'4‘'

202 837 329 913 cundo,
356 845 510 920 tempore
536 837 753 901 autumnali:
777 855 862 900 sane
885 836 1154 919 repatriantibus

203 935 339 998 caeteris
354 945 482 1018 praeter
497 955 556 999 eos
575 937 633 1016 qui
650 934 799 999 ordinati
814 942 913 999 erant
935 935 977 998 ad
993 933 1155 1017 praesidia

204 1035 353 1111 urbium,
385 1053 448 1097 rex
479 1034 653 1098 Ricardus
683 1035 741 1114 qui
763 1033 838 1116 jam
871 1033 942 1095 sere
973 1033 1155 1097 thesauros
1168 1049 1302 1139 parurn.

205 1131 416 1196 exhauserat
432 1133 470 1194 in
484 1131 693 1214 ‘Cyprum'¹
709 1151 787 1194 cum
805 1131 877 1195 suis
895 1131 1007 1195 rediit.
1053 1130 1155 1208 Quod
1168 1105 1226 1140 ’Μ’

205 1231 348 1294 audiens
385 1229 570 1294 Saladinus
606 1215 725 1295 statim
756 1249 835 1292 curn
867 1229 1022 1294 exercitu
1054 1248 1158 1310 super

205 1330 230 1393 J
232 1349 345 1410 oppen
359 1329 479 1402 irruit;
504 1349 614 1412 caque
628 1329 785 1394 celeriter
800 1335 1003 1409 expugnata
1013 1336 1048 1391 et
1064 1328 1158 1391 facta

208 1427 485 1492 Christianorum
517 1435 636 1509 strage
669 1447 737 1491 non
772 1427 922 1492 modica'
942 1425 1092 1508 reliquos
1120 1427 1155 1489 in
1170 1443 1256 1483 suain

208 1545 287 1590 arce
313 1526 497 1590 conclusos
527 1527 682 1591 obsedit:
701 1527 766 1608 'qui
791 1526 1010 1590 vehementer
1032 1527 1157 1590 arctati
1170 1494 1264 1582 ixii&

208 1645 286 1688 curn
302 1633 452 1710 tyranno
468 1627 564 1707 pacti
586 1633 667 1689 sunt
684 1622 948 1689 ‘deditionem'
963 1624 1007 1688 ad
1026 1631 1157 1687 certum

208 1725 298 1788 diem
323 1723 478 1800 reddere,
506 1725 573 1787 nisi
599 1725 689 1788 torte
713 1723 820 1787 eisin
845 1721 1014 1788 auxilium
1037 1743 1157 1804 super·

209 1825 343 1887 veniret
391 1823 565 1887 exercitus
610 1823 839 1888 Christianus,
909 1821 990 1884 Rex
1043 1829 1158 1884 autem
1172 1835 1313 1885 mennam

211 1921 384 1986 Ricardus
412 1943 494 1985 mox
525 1929 564 1986 ut
595 1921 728 1988 sinistri
757 1927 904 1984 eventus
934 1887 1324 1981 6ιιιιιιοὶιιιῃ’3ιιῗῖἷῖἰ’ἓ“ἰιῖῗπῖ’“

210 2020 345 2102 accepit
367 2021 528 2085 secundis
553 2020 693 2084 flatibus
715 2019 851 2101 Syriam
868 2018 1025 2080 celeriter
1046 2017 1159 2091 rediit,

210 2126 246 2182 et
271 2120 315 2182 ad
341 2120 480 2202 Joppen
504 2138 694 2201 properans
720 2119 856 2182 Turcos
879 2117 1058 2197 inopinato
1084 2114 1160 2197 ejus
1192 2155 1197 2164 ·

210 2219 325 2282 reditu
345 2219 544 2300 impetuque
562 2219 761 2301 perterritos
783 2216 819 2279 in
834 2216 952 2296 sugam
969 2215 1159 2278 convertit:

210 2317 271 2398 qui
289 2337 428 2380 rursum
450 2317 648 2398 conglobati
670 2322 705 2379 et
729 2315 860 2396 ingenti
882 2333 1024 2378 numero
1040 2313 1161 2376 confisi

210 2435 290 2478 eum
317 2417 354 2478 in
382 2413 570 2497 ‘Joppenu
596 2417 753 2479 clausum
781 2415 911 2478 frustra
939 2413 1055 2477 conati
1081 2420 1162 2476 sunt

211 2514 380 2577 obsidere.
439 2515 611 2594 Egressus
635 2519 784 2594 namque
809 2515 844 2575 in
871 2512 997 2594 spiritu
1023 2512 1160 2574 fortitu·
1175 2524 1279 2612 Ἠοῖ

212 2613 303 2675 dinis
318 2612 517 2695 frequenter
532 2632 593 2694 per
608 2612 682 2675 dies
699 2612 831 2692 aliquot
848 2629 926 2673 cum
944 2611 994 2674 eis
1009 2610 1162 2672 exterius

214 2711 249 2773 in
277 2731 402 2793 campo
428 2710 605 2775 conflixit:
629 2711 767 2774 taudem
793 2729 888 2786 vere,
913 2709 1054 2772 Christo
1081 2726 1161 2788 pro·

212 2810 310 2892 pitio,
326 2811 376 2873 ita
393 2829 451 2874 eos
469 2809 632 2873 contrivit
656 2817 696 2872 ut
718 2809 885 2872 invictum
911 2807 987 2890 ejus
1011 2807 1161 2870 animum

216 2909 382 2972 mirantes
399 2916 433 2972 et
450 2909 534 2970 nihil
560 2915 681 2971 contra
704 2927 782 2970 eum
804 2903 1006 2972 ‘ulterius’⁶
1034 2906 1163 2970 auden-

216 3007 298 3070 dum
314 3015 488 3089 putanteS,
504 3007 642 3070 omnino
665 3005 872 3071 recederent.
924 3005 948 3070 J
950 3025 1040 3087 oppe
1056 3005 1163 3085 igitur
1175 3009 1269 3101 2}ngss
1278 3007 1326 3047 Μ’

215 3103 363 3170 liberata
389 3106 480 3189 apud
516 3105 695 3170 castellum
723 3105 816 3188 quod
848 3105 975 3168 dieitur
1002 3103 1164 3184 Cayphas
1223 3089 1227 3098 ’

217 3205 338 3269 diebus
353 3205 487 3287 aliquot
513 3203 719 3286 aegrotavit3
744 3204 836 3285 quod
860 3201 1005 3265 audiens
1030 3200 1164 3263 Saladi·

217 3323 281 3366 nus
310 3324 379 3368 uon
408 3312 572 3385 tanquam
598 3304 640 3367 de
666 3303 763 3366 hoste
787 3300 966 3365 debilitato
982 3299 1165 3370 exultavit,

218 3404 277 3466 sed
294 3410 462 3485 tanquam
480 3403 522 3465 de
537 3402 752 3465 invictissimi
770 3399 936 3481 principis
951 3396 1166 3461 incommodo

218 3502 408 3579 condoluit,
450 3501 633 3582 missisque
669 3500 713 3562 ad
753 3519 832 3562 eum
875 3497 1009 3560 nunciis
1056 3495 1163 3558 dixitt

219 3605 241 3634 “
252 3599 367 3677 Scio,’'
384 3586 509 3683 inquit,
526 3598 651 3681 “quod
673 3618 793 3680 sospes
810 3599 845 3660 in
869 3596 935 3660 hac
950 3604 1043 3660 terra
1060 3595 1165 3677 proli·

219 3699 353 3762 xiorem
368 3719 500 3762 moram
512 3698 624 3761 iacere
641 3716 813 3778 nequeas3
838 3705 872 3761 te
887 3697 990 3760 etiam
1006 3696 1166 3769 abeunte,

219 3798 350 3877 quoda
368 3797 574 3862 Christianis
598 3804 670 3860 tam
690 3797 861 3861 laboriose
884 3796 1095 3877 adquisitum
1113 3799 1166 3857 est

254 3980 683 4046 ¹Otherhistoriansread‘hcram.'
745 3993 897 4054 ³‘nunciis,'
908 3993 965 4041 MS.
978 3992 1045 4039 Cott.
1058 3991 1115 4037 Tib.

219 4067 267 4115 See
278 4067 339 4116 Nic.
348 4067 442 4116 Trivet.
456 4069 518 4126 1403
536 4067 683 4126 Brompton,
743 4093 772 4132 μ
780 4095 798 4144 J
799 4092 883 4154 oppe‚’
895 4092 953 4138 MS·
966 4089 1061 4136 Lansd·

220 4135 292 4185 Hist.
304 4135 372 4197 Aug.
384 4136 476 4196 Script.
489 4138 562 4184 1246.

254 4202 265 4234 ²
276 4205 283 4232 ‘
293 4205 434 4267 deditioni,’
444 4206 503 4254 MS.
514 4204 608 4252 Lansd.
744 4193 755 4225 ⁸
766 4194 878 4244 Omitted
891 4193 916 4241 in
928 4191 986 4239 MS.
999 4189 1093 4238 Lausd.
