3128 4992
407 531 578 579 wisorem
603 531 649 576 on
672 530 954 578 uunimoouneu.
1104 516 1147 578 21

198 686 402 766 quibusdam
419 685 598 752 ‘scilicet'l
615 705 654 750 x.
670 706 818 763 marcae,
831 687 1037 768 quibusdam
1049 703 1096 750 vi.
1111 695 1146 750 et
1166 706 1302 795 qngalnoflq.

198 786 384 850 seeundum
411 789 523 871 majus
543 795 577 850 et
605 787 716 850 minus
743 793 782 849 ut
808 786 970 867 expedire
997 787 1143 863 viderat,
1192 783 1233 793 '‘
1293 783 1298 794 '

198 882 343 964 largitus
361 894 425 950 est.
478 887 633 969 Ejusque
648 905 832 966 germanus
848 885 1023 948 Robertus
1037 885 1144 948 frater

197 984 312 1047 senior
332 985 369 1048 in
393 986 652 1062 Normanniam·
665 1003 837 1060 reversus,
853 984 1034 1047 thesauros
1057 1003 1143 1065 quos

197 1081 245 1143 ibi
269 1083 412 1162 invenit,
433 1104 496 1165 pro
521 1085 636 1147 anima
656 1083 766 1164 patris
788 1083 851 1158 sui,
868 1083 1087 1146 monasteriis
1104 1091 1140 1148 et

197 1180 349 1246 ecclesiis
367 1183 512 1264 largitus
533 1190 598 1261 est,
613 1183 801 1264 habuitque
821 1181 1142 1268 Normanniamor-

125 1327 128 1332 Α
196 1278 370 1344 dinatione
387 1282 508 1363 patris.

317 1445 467 1526 Quomodo
481 1447 599 1510 Frater
613 1446 677 1530 ejas
691 1443 840 1510 liebertus
854 1442 1022 1509 rebellavit.

242 1582 347 1648 Anno
363 1587 502 1650 Domini
520 1602 746 1652 uuxxxvin.
762 1587 852 1650 inter
865 1586 1029 1668 primates
1047 1584 1138 1650 Nor·
1153 1595 1290 1695 3223?ss

194 1685 339 1748 manniae
355 1687 414 1767 qui
429 1693 595 1749 venerant
614 1686 650 1748 in
666 1683 830 1764 Angliam
846 1693 924 1748 orta
941 1692 993 1780 est
1008 1685 1139 1748 dissen-
1152 1697 1295 1787 fflfflffl'

193 1783 255 1845 sio.
308 1783 440 1864 Magna
450 1804 531 1865 pars
545 1787 635 1847 enim
644 1785 847 1848 nobiliorum
859 1783 1139 1848 Normaunorum
1226 1760 1280 1788 ἠ’

124 1905 126 1908 ’
194 1880 332 1946 favebat
343 1885 418 1964 regi
429 1882 621 1962 Willelmo;
641 1885 701 1947 sed
711 1884 852 1946 minima
861 1903 1043 1965 pare,vero
1055 1885 1138 1947 alte-

192 1997 242 2056 ra,
248 1980 388 2045 favebat
401 1983 557 2046 Roberto
569 1984 686 2045 comiti
697 1983 933 2058 Normanniae,
944 1990 978 2045 et
988 1984 1138 2047 maxime

193 2081 334 2159 cupiens
350 2089 385 2144 et
400 2082 562 2144 ordinans
576 2081 667 2144 hunc
688 2083 855 2143 accersire
876 2081 913 2143 in
929 2071 1086 2161 regnum,
1102 2090 1138 2146 et

193 2197 309 2258 regem
328 2179 469 2243 fratrem
494 2187 555 2243 aut
575 2181 674 2243 fratri
695 2179 831 2243 tradere
844 2180 962 2243 vivum
978 2188 1040 2243 aut
1058 2199 1136 2261 reg·

192 2272 237 2339 no
258 2279 395 2359 privare
409 2287 635 2360 peremptum,
655 2279 698 2342 de
716 2280 839 2360 quibus
859 2278 926 2340 fuit
944 2279 1043 2359 quasi
1065 2280 1135 2360 pri-

191 2395 267 2438 mus
282 2378 467 2459 praedictus
483 2378 559 2441 Odo
582 2378 780 2441 Baiocensis
795 2379 988 2459 episcopm,
998 2377 1057 2458 qui
1072 2377 1136 2443 fuit

191 2493 305 2537 comes
324 2475 593 2553 cantuariensis
609 2477 747 2558 scripsit
762 2497 844 2540 vero
864 2496 941 2539 cum
967 2476 1038 2539 suis
1062 2475 1132 2540 Ro-

188 2574 286 2637 berto
301 2576 417 2640 comiti
435 2584 476 2639 ut
489 2577 622 2640 veniret
636 2597 714 2639 cum
732 2595 836 2638 manu
852 2581 998 2651 armata,
1017 2582 1052 2637 et
1066 2575 1131 2638 hoc

188 2673 406 2746 nullomodo
437 2675 621 2750 omitteret,
649 2676 852 2756 promittens
877 2675 942 2738 sibi
963 2674 1131 2737 auxilium

187 2772 331 2836 multum
345 2775 379 2836 in
392 2777 467 2855 ipso
477 2793 540 2838 suo
550 2777 719 2854 ingressu.
777 2774 858 2854 Ipse
870 2779 985 2836 autem
995 2772 1131 2836 interim
1145 2784 1198 2830 0⁶⁰»
1214 2785 1295 2836 Birhon

1084 2847 1087 2852 ·
1144 2834 1268 2883 ofBayeux,

187 2873 351 2936 cumsuis
367 2873 558 2937 fautoribus
574 2879 608 2936 et
624 2874 829 2954 sequacibus
846 2872 946 2936 villas
960 2879 996 2936 et
1011 2871 1131 2935 domos
1145 2884 1222 2924 revolt·
1233 2885 1255 2924 in

1144 2934 1219 2973 favour
1228 2935 1251 2972 oi

186 2971 300 3050 regias
309 2972 496 3050 succendit,
507 2979 542 3035 et
557 2979 708 3035 castrum
724 2971 908 3035 ‘Roffense
918 2969 942 3005 '²
957 2991 1020 3053 pro
1029 2991 1131 3053 posse
1143 2983 1221 3072 {51¹2oe
1230 2984 1272 3024 120·

185 3075 260 3132 toto
292 3069 452 3135 firmavit.
506 3070 574 3133 His
606 3071 744 3147 auditis,
775 3070 971 3135 Willelmus
1002 3090 1065 3133 rex
1095 3071 1132 3134 in

184 3169 339 3234 novitate
373 3189 437 3233 sua
461 3171 596 3247 timens,
624 3170 828 3235 convocavit
853 3167 988 3250 Anglos
1013 3176 1047 3235 et
1075 3189 1130 3233 os-

184 3266 295 3330 tendit
310 3269 359 3330 eis
384 3269 586 3332 seditionem
613 3268 648 3331 N
651 3288 903 3345 ermannorum,
925 3268 1130 3350 rogavitque

184 3371 224 3428 ut
238 3365 364 3445 ipsum,
376 3385 478 3447 quem
493 3366 535 3429 de
551 3367 730 3430 voluntate
744 3367 854 3448 patris
865 3368 899 3430 in
908 3387 1024 3448 regem
1034 3386 1128 3430 crea-

184 3470 318 3540 verant,
334 3465 400 3528 sibi
423 3472 587 3546 tanquam
613 3473 718 3546 caput
738 3473 773 3528 et
790 3485 905 3546 regern
927 3473 1128 3544 tuerentur;

182 3564 386 3643 promittens
409 3565 458 3629 eis
485 3564 577 3645 quod
603 3564 777 3627 meliorem
802 3564 913 3646 legem
935 3585 1038 3646 quam
1063 3565 1128 3627 sibi

182 3661 312 3726 vellent
358 3663 485 3744 eligere
523 3663 725 3726 concederet
755 3664 805 3726 eis
839 3665 1063 3745 imposterum
1093 3671 1129 3730 et

183 3762 354 3842 scriptura
390 3761 553 3833 firmaret.¹
627 3761 694 3825 Sed
732 3763 824 3844 quod
864 3763 1022 3844 promisit
1057 3782 1125 3826 noo

182 3860 304 3924 tenuit.
362 3859 438 3941 Ipsi
460 3868 575 3924 tamen
595 3858 736 3942 Anglioi
762 3862 826 3925 sibi
850 3862 996 3925 fideliter
1024 3862 1290 3923 assis-wunner-

1139 3923 1216 3960 rueder
1227 3925 1264 3961 the

181 3951 292 4020 tentes
304 3960 512 4039 quaesierunt
523 3959 723 4040 praedictum
736 3959 891 4022 Odonem
904 3958 995 4039 apud
1011 3957 1127 4020 Horu·
1138 3972 1228 4069 3thng
1234 3977 1267 4061 ὥσ.

179 4064 343 4134 castrum,
378 4065 413 4121 et
441 4076 519 4120 eum
545 4077 614 4119 non
643 4057 855 4119 invenientes
882 4057 1128 4118 destruxerunt
1138 4081 1210 4110 cause·

179 4315 200 4366 G
215 4249 221 4276 ¹
240 4246 248 4272 ‘
255 4241 339 4363 ςΐηίἐηβ
349 4245 423 4297 MSS.
433 4245 499 4298 coll.
508 4246 580 4295 Arm.
590 4245 640 4294 and
702 4241 712 4271 ⁹
727 4243 889 4308 ‘Hortenses
901 4244 958 4294 MS.
972 4242 1037 4299 Coll.
1048 4244 1120 4300 Arm,

203 4320 247 4366 ott.
280 4316 315 4370 i.
384 4335 386 4338 ·
