3130 4990
406 483 473 546 312
775 496 986 546 cunomcon

259 667 387 758 pepulgg·
407 654 538 729 berent,
554 652 668 716 statim
685 652 839 734 ‘igitur'¹
863 653 976 716 missis
990 651 1125 714 nunciis
1140 651 1307 715 dederunt
1322 670 1360 715 se

248 746 360 839 affl„
382 745 389 757 '
410 753 445 814 in
485 753 633 833 gratiam
670 752 773 832 regis,
827 751 999 833 Captique
1028 757 1110 814 sunt
1143 751 1179 812 in
1207 751 1263 813 die
1300 750 1362 813 illa

248 849 362 939 ffissfl·
411 850 560 914 ‘milites
586 851 772 932 subscripti
799 857 833 912 et
860 853 1019 926 baroneS,
1043 849 1203 913 dominus
1224 847 1360 912 Willel-

411 967 488 1011 mus
523 949 565 1011 de
599 949 779 1025 Petronis,
806 949 966 1013 dominus
995 948 1123 1011 Petrus
1153 947 1196 1010 de
1223 947 1361 1010 Monte-

411 1045 510 1112 forti⁹
536 1047 649 1111 socius
672 1047 828 1129 praedicti
851 1047 999 1111 Simonis
1021 1047 1182 1129 junioris,
1201 1044 1360 1108 dominus

412 1151 423 1182 ⁴
436 1144 722 1227 Bawdewyuus'³
753 1146 797 1210 de
827 1144 955 1221 Wake,
982 1145 1141 1208 dominus
1177 1143 1293 1208 Adam
1318 1143 1362 1208 de

414 1243 648 1319 Neomarche,
686 1245 843 1308 dominus
885 1243 1046 1324 Rogems
1091 1243 1262 1317 Bertram,
1298 1242 1361 1305 do·

414 1343 527 1405 minus
560 1342 677 1406 Simon
707 1342 798 1405 filius
831 1342 978 1406 Simonis
1007 1342 1106 1404 miles
1139 1348 1301 1406 strenuus
1327 1349 1363 1404 et

413 1441 525 1522 primo
559 1440 724 1504 vexillum
754 1442 866 1503 erexit
897 1447 1018 1504 contra
1048 1460 1176 1520 regem,
1203 1439 1363 1518 dominus

416 1537 660 1618 Hengeramus
681 1538 954 1614 deWaterville,
976 1539 1135 1602 dominus
1158 1537 1266 1618 Hugo
1288 1536 1363 1600 Gu-

414 1637 520 1718 byon,
536 1637 694 1700 dominus
720 1637 873 1701 Thomas
902 1637 1077 1714 Mauusel,
1106 1637 1261 1700 dominus
1288 1635 1365 1698 Ro-

414 1735 534 1798 bertus
578 1733 857 1818 ‘Untevilayn,’⁴
895 1736 1053 1799 dominus
1091 1734 1282 1799 Nicholaus
1319 1733 1363 1796 de

416 1832 543 1910 Wake,
568 1834 725 1898 dominus
756 1834 930 1898 Robertus
958 1835 1002 1899 dc
1028 1835 1181 1912 Neuton,
1205 1832 1364 1897 dominus

417 1931 600 2014 Philippus
615 1932 657 1996 de
672 1928 854 2016 ‘Scriby‚’⁵
871 1941 906 1997 et
927 1932 1162 2016 Grymbaldus
1182 1932 1225 1995 de
1248 1931 1362 1994 Pauu-

417 2031 538 2094 tevolt.
609 2031 738 2096 Omnes
776 2032 961 2114 praedictos
999 2033 1190 2114 captivavit
1227 2050 1290 2093 rex
1326 2037 1363 2094 et

417 2128 533 2209 plures
556 2121 684 2206 alios,’⁶
699 2149 845 2211 quorum
861 2131 1029 2212 quosdam
1049 2132 1085 2196 in
1109 2130 1227 2193 eodem
1248 2135 1363 2192 castro

418 2227 505 2289 bene
535 2228 667 2290 munito
696 2230 760 2292 sub
786 2229 943 2292 custodia
973 2228 1102 2292 domini
1134 2227 1296 2292 Nicholai
1321 2227 1364 2290 de

419 2323 671 2388 Hewrescham
690 2326 932 2390 custodiendos
953 2328 1107 2402 tradidit,
1125 2327 1292 2408 quosdam
1311 2345 1365 2388 se·

417 2441 497 2485 cum
512 2421 668 2498 adduxit,
685 2425 853 2504 quosdam
865 2426 970 2488 etiam
982 2427 1026 2489 ad
1040 2426 1177 2489 diversa
1188 2431 1315 2501 castra,
1331 2431 1367 2487 et

418 2519 590 2586 Simonem
607 2521 651 2584 dc
669 2521 887 2586 Monte-forti
902 2523 945 2586 ad
965 2531 1116 2590 castrum
1133 2523 1176 2586 de
1193 2523 1365 2605 Wyndes·

418 2617 537 2694 houer,
551 2620 748 2685 destinauit.
782 2622 960 2702 Factaque
974 2629 1056 2685 sunt
1069 2623 1144 2686 haec
1160 2621 1274 2703 quoad
1285 2640 1366 2702 cap-

418 2718 549 2781 tionem
579 2719 866 2801 Norhemptoniee
893 2721 1046 2786 Sabbata
1072 2721 1183 2802 primo
1214 2721 1249 2783 in
1277 2716 1366 2782 Pas·

419 2816 517 2878 sione
540 2817 692 2893 Domini,
724 2819 856 2882 scilicet
883 2835 936 2881 111.
964 2838 1072 2883 nonas
1098 2818 1243 2902 Aprilis,
1274 2837 1365 2880 anno

421 2911 561 2975 Domini
576 2931 762 2978 mconxrv.
774 2919 996 2999 perrexitque
1010 2937 1072 2980 rex
1089 2937 1198 2998 usque
1215 2917 1366 2996 Noting·

420 3009 499 3073 bam
517 3011 700 3076 incendens
717 3021 752 3078 et
774 3015 960 3080 devastans
975 3017 1127 3080 maneria
1142 3017 1309 3082 baronum
1332 3021 1368 3078 et

420 3116 621 3174 coeterorum
647 3111 819 3193 hostium3
842 3115 958 3196 ibique
984 3115 1163 3196 recollegit
1186 3120 1368 3195 magnates

418 3226 500 3272 suos
517 3216 553 3273 et
568 3230 747 3274 numerum
764 3232 905 3276 suorum
923 3214 1157 3278 vehementius
1173 3213 1330 3277 adauxit.

454 3497 677 3561 'Suppliedfrom
689 3503 746 3551 MS.
759 3503 853 3553 Lansd.
940 3501 951 3530 ⁸
977 3504 1187 3569 ‘Baldewynus‚’
1216 3506 1273 3555 MS.
1301 3504 1367 3554 cort.

454 3561 464 3590 ⁹
480 3569 533 3616 'l'he
546 3569 609 3632 king
619 3572 706 3619 issued
721 3587 753 3620 an
765 3574 838 3620 order
849 3587 881 3621 on
905 3572 963 3622 Tib.

418 3637 460 3685 the
473 3638 531 3685 luth
542 3639 571 3684 os
579 3639 640 3698 May
650 3639 739 3703 (being
749 3642 806 3689 four
816 3642 881 3702 days
942 3639 1185 3705 “Bontevylayn,’
1214 3643 1272 3694 MS.
1300 3643 1371 3692 Oott.

418 3706 483 3752 after
493 3704 534 3753 his
544 3712 648 3765 capture
658 3713 685 3756 at
696 3707 798 3773 lewes)
805 3715 830 3758 to
838 3710 880 3758 the
905 3710 962 3760 Tib.

418 3772 554 3821 constable
572 3775 600 3822 of
614 3775 732 3825 Windsor
748 3783 773 3825 to
785 3780 880 3828 release
940 3778 950 3806 ⁶
966 3781 1093 3842 ‘Shriby‚’
1105 3782 1162 3831 MS.
1175 3781 1242 3830 Cott.
1252 3782 1311 3830 Tib.

418 3843 469 3890 this
485 3842 627 3904 nobleman,
637 3844 751 3905 together
765 3846 828 3895 with
842 3863 880 3897 se·
939 3846 950 3878 ⁶
966 3851 1074 3898 ‘milites
1096 3855 1122 3900 et
1143 3851 1249 3899 barones
1268 3851 1371 3899 circiter

418 3913 487 3960 verul
504 3911 588 3960 others
605 3914 634 3961 ol
648 3913 691 3962 the
706 3915 828 3964 Montiort
842 3917 880 3966 la·
905 3930 947 3966 xv.
976 3920 1107 3982 nominati,
1139 3921 1277 3981 pluresque
1307 3919 1371 3981 alii,'

418 3982 488 4043 mily.
525 3982 630 4046 Rymer,
639 3983 758 4048 Foedera,
769 3987 787 4036 i.
799 3989 856 4036 441.
905 3987 962 4037 MS.
977 3988 1069 4038 Lausd.
