3128 4992
407 477 577 524 wnnnunr
601 477 648 524 ou
671 476 952 524 unnrnonunun.
1107 459 1151 522 23

203 638 292 696 terat
315 633 351 696 in
377 634 611 715 captivitatem
634 633 772 696 ducens.
819 634 966 714 Propter
980 632 1071 713 quod
1086 651 1148 696 rex
1170 647 1269 738 {⁰3³3
1270 647 1306 736 ⁹1¹1

202 737 236 792 et
271 751 385 795 eomes
411 740 509 795 ‘oum
541 733 706 795 immenso
737 730 914 795 exercitu'¹
948 751 1009 812 per
1039 724 1313 795 totam-'··²··ss

202 828 510 912 Quadragesimam
519 838 668 894 montem
683 832 898 906 obsederunt,
910 838 945 894 et
954 830 1055 894 saetis
1068 849 1148 893 con-

144 969 146 973 ·
201 929 433 1008 gressionibus
457 931 584 1006 multis,
606 931 641 992 in
657 931 780 1011 quibus
795 929 969 993 hominum
984 936 1019 992 et
1044 949 1148 1010 equo-

111 1114 113 1120 γ
201 1045 277 1088 rum
298 1028 437 1111 jactura
461 1029 565 1093 fiebat
590 1029 639 1092 eis
662 1029 840 1105 immensa,
862 1028 1001 1092 tandem
1024 1027 1149 1092 infecto

201 1128 337 1208 negotio
348 1136 573 1193 recesserunt.

413 1274 498 1338 Seote‘
511 1272 655 1338 rebellare
671 1284 824 1359 coeperunt
840 1276 939 1338 tertio.

246 1408 384 1474 Interea
403 1430 518 1474 mense
542 1411 639 1474 Maio
660 1411 866 1476 Maleolmus
885 1432 948 1476 rex
967 1411 1147 1477 Scotorum
1159 1439 1273 1500 naemu

201 1527 279 1570 eum
310 1509 475 1574 immenso
510 1511 665 1574 exercitu
695 1511 979 1575 Northumbriam
1009 1513 1147 1590 invasit,
1157 1491 1223 1579 iiii?
1225 1501 1236 1528 ⁸
1246 1491 1302 1539 Μ’

200 1606 341 1672 ulterius
370 1628 592 1689 processurus
621 1611 651 1672 si
686 1618 823 1691 posset;
855 1610 916 1673 sed
941 1610 1051 1674 noluit
1075 1613 1148 1693 ipse

199 1705 307 1782 DenS,
333 1708 422 1771 unde
449 1715 483 1772 et
508 1710 625 1772 statim
651 1709 761 1775 rediit.
807 1709 911 1787 Quod
933 1729 1012 1772 oum
1032 1711 1146 1775 audis-

200 1811 252 1867 set
281 1826 355 1882 rex,
379 1827 460 1870 mox
485 1827 563 1871 cum
590 1808 696 1872 fratre
719 1828 782 1871 suo
807 1809 963 1872 Roberto
988 1829 1147 1874 reversus

141 1948 143 1952 -
200 1910 252 1966 est
280 1905 315 1968 in
343 1904 507 1988 Angliam
536 1927 652 1970 mense
681 1906 844 1988 Augusti,
873 1914 909 1970 et
937 1916 1147 1988 congregato
1198 1929 1200 1934 ·

198 2003 363 2074 immenso
392 2006 546 2068 exercitu
575 2014 610 2068 et
635 2006 745 2069 classe
769 2025 838 2068 non
861 2006 1006 2081 modica,
1029 2026 1148 2070 versus

200 2099 351 2166 Sentium
380 2104 553 2186 profectus
592 2112 664 2178 est;
703 2104 764 2167 sed
793 2109 978 2185 antequam
1005 2105 1150 2170 intraret

200 2198 364 2278 Scotiam,
379 2203 521 2266 suborta
547 2210 752 2284 tempestate
776 2203 941 2286 maxima,
965 2203 1057 2266 cirea
1080 2204 1147 2267 ses-

198 2305 273 2361 tum
300 2299 417 2363 Sancti
440 2300 631 2378 Michaelis,
654 2301 725 2364 fere
753 2309 829 2365 tota
857 2300 976 2364 classis
1007 2302 1067 2365 illa
1088 2302 1261 2376 ‹le-nonu,

199 2416 312 2462 mersa
347 2405 410 2476 est,
440 2399 606 2481 multique
632 2400 674 2463 de
703 2400 853 2481 equestri
881 2399 1036 2464 exercitu
1056 2377 1309 2475 fameiitiiun

198 2503 233 2559 et
258 2496 384 2578 frigore
412 2500 604 2581 perierunt:
642 2499 857 2580 occurritque
886 2518 965 2562 eum
993 2501 1147 2565 exercitu
1158 2477 1278 2566 ῗὲιῖῗῗιῗῗ

198 2615 324 2675 magno
347 2617 410 2660 rex
436 2598 643 2678 Malcolmus
665 2599 702 2660 in
730 2598 905 2679 provincia
934 2579 1232 2664 Lowdicensi⁸²⁰¹¹⁰'

192 2694 299 2776 juxta
324 2696 471 2759 confinia
489 2697 534 2760 ad
551 2697 777 2760 resistendum
793 2703 1030 2778 praeparatum
1054 2699 1147 2778 quod

197 2793 317 2857 videns
350 2795 524 2859 Robertus
549 2815 663 2859 comes
692 2796 874 2860 advocavit
903 2795 946 2858 ad
973 2815 1010 2859 se
1039 2815 1146 2876 quen-

197 2891 277 2954 dam
299 2894 439 2958 militem
456 2895 632 2975 Edgurum
651 2895 786 2958 nomine
801 2914 902 2976 quem
917 2914 978 2957 rex
995 2894 1037 2958 de
1054 2893 1088 2958 N
1091 2915 1145 2958 or·

197 2993 336 3056 mannia
358 2994 549 3075 expulerat,
575 3001 610 3057 et
638 3001 721 3057 tunc
748 2995 822 3075 regi
847 2992 1034 3057 Maleolmo
1057 2995 1145 3058 mili-

199 3093 318 3170 tabat;
354 3092 453 3175 cujus
482 3093 614 3156 auxilio
639 3092 758 3169 fretus,
783 3112 903 3175 pacem
931 3093 1021 3156 inter
1044 3113 1144 3174 reges
1157 3105 1294 3196 afflig,

197 3188 262 3253 hae
292 3191 484 3255 conditione
508 3192 668 3267 firmavit,
691 3199 730 3255 ut
757 3192 831 3272 regi
853 3191 1028 3256 Willelmo
1054 3191 1145 3256 Mal·
1159 3205 1266 3244 Seotlmd·

151 3363 152 3366 Ἴ
197 3288 328 3351 coimus
356 3290 508 3353 obediret
533 3292 622 3355 sieut
647 3291 741 3372 prius
762 3290 890 3356 fecerat
911 3291 1001 3372 patri
1022 3309 1096 3366 suo,
1112 3299 1147 3355 et

199 3385 386 3450 Maloolmo
413 3404 481 3452 ΧΗ.
508 3390 609 3452 villas
636 3409 722 3470 quas
748 3390 783 3452 in
808 3388 938 3469 Anglia
960 3390 1025 3451 sub
1048 3395 1146 3469 patre

198 3503 261 3548 suo
288 3486 455 3550 habuerat
482 3487 678 3552 Willelmus
709 3488 877 3563 redderet,
903 3493 938 3550 et
964 3503 1032 3549 xil.
1055 3505 1145 3550 mur·

198 3603 256 3648 eas
286 3583 412 3648 ‘auri'l
437 3587 582 3668 singulis
611 3587 708 3650 annis
735 3587 842 3650 daret.
888 3585 956 3649 Sed
979 3604 1050 3667 pax
1078 3586 1146 3650 ista

195 3684 427 3764 permodicum
455 3693 591 3768 tempus
623 3687 770 3750 duravit.
816 3685 1059 3766 Reversusque
1094 3693 1146 3750 est

196 3802 257 3845 rex
278 3783 473 3848 Willelmus
499 3803 620 3848 versus
646 3784 851 3860 Karliolum,
877 3791 911 3848 et
932 3785 968 3846 in
990 3786 1146 3865 sequenti
1158 3804 1228 3845 nun·
1237 3816 1269 3845 a

1157 3855 1227 3894 bussds
1237 3855 1279 3894 and

196 3901 286 3943 anno
312 3884 454 3945 eandem
480 3884 654 3947 civitatem
673 3884 891 3959 restauravit,
914 3890 950 3946 et
964 3882 1244 3992 aedificavitlriornra
1257 3905 1307 3944 car.

195 3981 230 4041 in
250 3999 292 4042 ea
312 3988 463 4044 castrum
486 4002 564 4045 cum
588 3983 674 4046 turri
697 3982 894 4045 fortissima.
947 3980 1036 4043 Haee
1054 3982 1143 4043 enim
1172 3954 1208 3994 ⁵¹⁶¹

195 4078 317 4142 civitas
341 4099 363 4142 a
393 4081 503 4144 Danis
529 4073 610 4144 ante
641 4098 695 4143 ce.
724 4097 831 4142 annos
858 4079 1007 4161 dirupta,
1034 4097 1144 4159 usque

472 4246 479 4276 ¹
498 4247 611 4296 Omitted
621 4248 648 4294 in
659 4246 715 4296 MS.
727 4245 793 4296 Coe.
805 4245 862 4297 Tib.
