3116 4990
415 455 479 520 156
784 468 995 516 canonrcon

267 637 361 730 {ruffi
363 641 389 732 ⁹1(i
414 627 518 691 cessit
527 626 732 709 hospitium;
748 626 822 708 ipse
834 643 928 702 vero,
937 623 1128 688 munitione
1136 631 1238 689 extra
1247 625 1367 694 urbem

255 717 405 755 *²*ss
415 732 617 790 constructa
632 725 824 805 castrisque
844 723 1033 805 dispositis,
1049 723 1176 786 ibidem
1193 743 1272 788 cum
1293 725 1366 788 suis

251 837 403 927 {lllffllh
415 827 525 907 copiis
553 826 589 887 in
620 823 715 888 omni
744 842 860 886 rerum
891 823 993 904 copia
1021 821 1199 886 hiemavit.
1252 822 1364 886 Porro

273 887 310 938 ω’
372 899 394 939 ²
413 943 478 987 rex
511 923 724 987 Francorum
756 921 850 985 urbis
884 920 1032 1003 hospitae
1064 921 1289 1004 irruptionem
1319 921 1363 985 ad

413 1041 514 1088 suam
543 1021 685 1086 trahens
718 1019 892 1103 injuriam,
925 1027 961 1085 et
994 1039 1058 1101 pro
1093 1019 1201 1083 nihilo
1236 1019 1364 1083 ducens

412 1119 538 1184 indulti
573 1119 713 1202 hospitii
750 1119 912 1200 gratiam,
948 1119 1203 1201 implacabilem
1241 1125 1362 1182 contra

413 1239 530 1300 regem
555 1217 748 1300 Anglorum
769 1217 940 1299 concepit,
957 1217 1110 1299 totisque
1132 1217 1268 1281 imbibit
1292 1237 1362 1279 me·

412 1318 528 1394 dullis‚
543 1336 735 1382 rancorem.

543 1543 695 1626 Quaado
712 1543 780 1608 lien
795 1543 958 1608 Bicerdee
971 1543 1064 1610 ducit
1085 1541 1227 1610 Umorem.

249 1743 380 1786 narni.
462 1711 577 1809 igitur
613 1725 806 1790 illustribus
846 1724 1059 1788 Francorum
1096 1724 1361 1807 Anglorumque

410 1826 551 1906 regibus
577 1825 614 1888 in
644 1824 763 1890 Sicilia
791 1825 855 1889 sub
886 1823 1127 1906 expectatione
1152 1844 1268 1888 vernae
1298 1845 1360 1888 ex-

412 1924 596 2007 peditionis
627 1924 870 2000 hiemantibus,
899 1922 1064 1987 Alienora
1097 1923 1219 2004 regina
1249 1931 1359 1987 mater

410 2024 503 2104 regis
541 2023 696 2100 Ricardi,
728 2022 830 2086 anilis
859 2021 969 2085 oblita
1003 2023 1131 2098 aetatis,
1159 2041 1222 2086 nec
1258 2041 1358 2104 repu-

410 2129 489 2186 tans
515 2122 762 2203 longitudinem
790 2141 852 2184 seu
879 2119 1116 2184 difficultatem
1138 2122 1270 2184 itineris
1297 2131 1357 2186 aut

411 2222 559 2302 rigorem
584 2221 749 2302 temporis
778 2219 946 2296 hiemalis,
970 2220 1052 2283 dum
1076 2226 1232 2284 materno
1256 2221 1358 2284 duce-

411 2327 517 2395 retur,
542 2319 598 2382 vel
630 2320 746 2401 potius
778 2318 984 2394 traheretur,
1014 2317 1150 2395 affectu,
1181 2338 1203 2382 a
1234 2319 1358 2383 finibus

412 2426 512 2482 terrae
539 2418 690 2481 Siciliam
715 2419 807 2481 venit
834 2417 877 2480 ad
903 2416 1023 2494 filium,
1045 2437 1162 2481 secum
1185 2417 1358 2481 adducens

412 2525 598 2599 nupturam
619 2517 670 2579 illi
692 2517 787 2598 regis
809 2516 1047 2580 Navarrorum
1067 2516 1186 2593 filiam,
1216 2517 1357 2581 tamosae

410 2615 673 2698 pulchritudinis
701 2623 735 2679 et
761 2615 951 2698 prudentiae
978 2614 1156 2696 virginem.
1208 2615 1259 2690 Et⁴
1283 2618 1356 2698 qui-

410 2715 486 2778 dem
509 2722 580 2778 tam
602 2715 757 2797 ineptum
779 2733 883 2797 quam
906 2714 1008 2777 etiam
1035 2714 1240 2778 inusitatum
1261 2715 1356 2778 vide-

409 2814 512 2877 batur
544 2819 586 2876 ut
615 2814 652 2877 in
686 2813 875 2896 praecinctu
904 2813 1073 2877 bellorum
1103 2813 1145 2876 de
1176 2813 1356 2896 voluptate

409 2909 686 2992 ‘cogitaretur,'¹
710 2920 863 2976 attamen
897 2912 963 2976 hoc
985 2913 1020 2975 in
1043 2919 1210 2992 regnante
1227 2912 1357 2995 juvene

408 3029 477 3074 non
501 3017 637 3074 tantum
666 3011 839 3085 utilitatis
864 3031 984 3075 verum
1011 3013 1117 3075 etiam
1140 3012 1355 3078 salubritatis

406 3110 496 3173 ratio
514 3109 730 3174 honestabat.
778 3111 871 3175 Nam
891 3118 926 3174 et
947 3111 984 3175 in
1005 3110 1066 3174 illo
1088 3111 1235 3175 articulo
1255 3113 1354 3175 sobo-

407 3208 474 3272 lem
511 3228 677 3291 quaerere,
711 3229 790 3274 cum
822 3209 930 3272 filium
962 3209 1021 3291 qui
1053 3209 1251 3273 succederet
1286 3230 1354 3274 non

406 3307 560 3384 baberet,
584 3308 668 3372 utile
691 3308 766 3372 fuit.
817 3308 973 3390 Cumque
1001 3316 1094 3372 essct
1116 3327 1179 3389 pro
1202 3315 1306 3372 aetate
1320 3317 1356 3373 et

406 3426 472 3470 usu
504 3407 701 3471 deliciarum
736 3407 900 3483 lubricus,
939 3413 974 3470 et
1009 3407 1178 3470 bellorum
1215 3414 1355 3489 propter

406 3505 582 3570 Christum
610 3507 764 3588 pericula
791 3507 981 3582 subituruS,
1013 3513 1135 3570 eontra
1166 3507 1353 3571 maximum

405 3604 639 3669 fornicationis
667 3606 856 3686 periculum
890 3605 1097 3686 competenti
1124 3605 1272 3668 remedio
1298 3625 1354 3670 sa·

404 3701 494 3764 lubri
514 3720 598 3764 usus
622 3702 765 3767 consilio
789 3722 826 3766 se
848 3705 1005 3767 munivit.
1050 3702 1248 3766 Adductam
1272 3723 1354 3784 ergo

405 3797 596 3880 virginem²
618 3800 720 3863 duxit
751 3803 786 3864 in
818 3800 982 3865 uxorem³
1015 3802 1159 3864 eandem
1194 3822 1255 3883 per
1282 3821 1354 3865 ma·

437 3973 447 4004 ¹
464 3975 621 4039 ‘cogitaret’
633 3977 690 4027 MS.
702 3976 798 4028 med.
893 3978 921 4026 of
929 3993 946 4027 a
956 3979 1026 4039 large
1038 3977 1153 4038 pension.
1182 3977 1246 4038 Rog.
1257 3977 1290 4026 de
1302 3976 1356 4026 Ho-

437 4046 571 4095 ²Richard
583 4047 634 4095 had
646 4048 708 4096 been
719 4047 865 4108 previously
892 4048 981 4109 veden,
1003 4047 1063 4096 Rer.
1087 4047 1156 4108 Ang.
1179 4046 1271 4106 Script.
1290 4050 1354 4107 6883

401 4115 516 4164 released
538 4115 571 4177 by
595 4117 666 4179 King
689 4116 777 4178 Philip
800 4118 864 4166 from
891 4113 1354 4178 Brompt.,Hist.Ang.Script.ll96.

401 4184 442 4232 his
469 4186 609 4247 obligatior
636 4187 666 4234 oi
692 4189 816 4248 marriage
838 4191 865 4234 to
926 4183 1007 4234 ³The
1030 4185 1155 4246 marriage
1174 4187 1233 4233 was
1247 4185 1355 4233 solemn·

401 4254 515 4312 princess
530 4255 613 4317 Alice,
632 4256 658 4304 in
678 4256 864 4306 consideration
891 4255 947 4304 ized
960 4256 1026 4304 alter
1037 4255 1079 4304 the
1091 4260 1197 4316 capture
1209 4255 1238 4304 oi
1245 4253 1357 4318 Cyprus,
