3132 4988
402 473 466 537 120
774 489 983 536 cunomcon

257 661 331 708 uene
340 660 371 698 11·
404 645 682 727 archiepiscopus
698 664 787 708 anno
802 643 1025 726 pontificatus
1039 643 1093 706 sui
1113 641 1300 705 ‘xxvul.'¹
1319 649 1354 704 et

246 711 392 774 Q
405 744 700 826 archiepiscopatu
723 745 758 806 in
786 744 908 807 fiscum
930 743 1069 807 redacto
1091 742 1231 806 vacavit
1255 741 1355 804 sedes

406 844 634 908 Eboracensis
649 843 747 907 aunis
764 843 892 906 decem.

273 1101 281 1110 ι
636 1103 639 1110 ἱ
683 1015 767 1081 Obiit
787 1017 943 1081 Henricus
956 1015 1078 1100 junior.

244 1151 367 1192 anus.
457 1139 560 1205 Anno
579 1140 718 1204 Domini
734 1157 962 1205 mcuxxxui.
981 1141 1040 1223 qui
1059 1141 1124 1204 fuit
1149 1157 1245 1203 xxx.
1264 1141 1354 1222 regis

244 1218 347 1307 llll⁰‘
409 1237 602 1321 Anglorum
639 1239 805 1304 ‘Henrici
842 1239 992 1316 secundi,
1025 1239 1198 1303 Henricus
1233 1243 1356 1303 tertius

244 1318 344 1407 iffi„
409 1338 547 1421 Angliae
577 1359 638 1403 rex
663 1338 815 1423 junior’²
848 1341 1032 1403 immatura
1055 1346 1164 1402 morte
1187 1339 1354 1404 decessit:

409 1438 511 1521 plane
530 1439 715 1503 immatura
732 1441 762 1503 si
780 1446 919 1503 aetatem
940 1439 1115 1522 respicias,
1130 1438 1190 1502 sed
1211 1438 1357 1501 multum

409 1557 487 1602 sera
501 1539 532 1602 si
554 1545 653 1602 actus
670 1539 849 1618 attendas;
873 1539 955 1621 quia
971 1539 1216 1621 praevaricator
1231 1536 1357 1601 ‘erat’³

410 1657 480 1701 non
501 1643 637 1702 tantum
659 1648 794 1703 naturae
816 1645 856 1702 ut
881 1639 988 1720 prius,
1019 1637 1078 1700 sed
1103 1637 1207 1701 etiam
1234 1637 1358 1702 solem-

411 1736 506 1800 nium
523 1744 715 1819 pactorum,
733 1738 914 1802 rebellavit
932 1735 1078 1800 ‘enim'⁴
1097 1737 1221 1801 iterum
1239 1744 1359 1800 contra

411 1843 565 1919 patrem3
588 1837 688 1921 cujus
709 1837 904 1901 rebellionis
919 1857 1027 1901 causa
1042 1837 1116 1901 haec
1133 1836 1209 1901 fuit.
1262 1837 1359 1900 Idem

411 1936 501 2000 enim
526 1943 626 2018 pater
653 1937 805 2001 Ricardo
835 1937 905 2001 filio
935 1956 999 2000 suo
1025 1938 1060 2000 in
1090 1935 1360 2000 administrando

413 2035 541 2100 ducatu
568 2034 779 2118 Aquitanico
803 2037 895 2100 vices
923 2055 1005 2100 suas
1036 2037 1264 2112 commiserat,
1289 2036 1360 2100 filio

413 2155 550 2218 quoque
573 2135 741 2201 Gaufrido
765 2136 984 2200 Britanniam
1005 2136 1270 2200 transmarinam
1292 2143 1364 2199 tra-

414 2235 565 2302 diderat:
589 2256 708 2299 verum
730 2236 820 2299 idem
840 2236 1014 2300 Henricus
1036 2235 1247 2317 indignatae,
1270 2236 1362 2318 quod

414 2334 556 2400 fratrem
582 2354 683 2398 suum
705 2335 893 2399 Ricardum
920 2346 1020 2418 pater
1046 2333 1246 2417 Aquitaniae
1274 2355 1362 2418 prae-

416 2433 566 2511 fecisset,
588 2434 711 2518 juncto
738 2435 803 2498 sibi
826 2435 932 2499 fratre
955 2434 1137 2512 Gaufrido,
1165 2442 1200 2498 et
1223 2436 1363 2517 quibus-

418 2532 497 2596 dam
515 2535 713 2616 proceribus
729 2532 957 2616 Aquitanicis,
973 2542 1105 2617 patrem
1129 2535 1277 2598 motibus
1293 2535 1364 2599 bel·

418 2632 492 2696 licis
519 2632 706 2699 lacessivit.
761 2635 869 2698 Pater
893 2654 975 2698 vero
1003 2655 1080 2699 cum
1106 2634 1250 2698 rebelles
1277 2635 1365 2698 filios

417 2732 553 2796 blandis
577 2733 719 2797 delinire
748 2734 920 2798 mandatis
946 2754 1014 2798 non
1041 2741 1177 2817 possem
1199 2735 1364 2817 improbis

419 2850 538 2895 eorum
553 2833 694 2896 ausibus
709 2834 924 2910 obviaturus,
943 2833 1027 2897 fines
1043 2832 1272 2916 Aquitanicus
1286 2853 1365 2898 cum

419 2930 574 2994 exercitu
605 2932 781 3013 ingressus
810 2940 874 2997 est.
931 2933 1110 3016 ‘Moxque
1140 2932 1207 3000 Dei
1233 2934 1366 3017 judicio

419 3028 513 3093 febre
528 3039 704 3113 correptus
721 3031 874 3114 elanguit
891 3032 1065 3098 Henricus
1076 3029 1235 3116 junior.’⁵
1262 3032 1367 3097 Cum-

420 3148 488 3211 que
514 3130 775 3211 ingravescente
806 3133 925 3196 morbo
955 3133 1193 3215 desperaretur
1220 3151 1241 3196 a
1264 3133 1370 3196 medi-

422 3229 484 3307 cis,
500 3230 638 3294 tandem
656 3239 882 3315 compunctus
902 3232 996 3296 misit
1019 3232 1063 3296 ad
1084 3241 1230 3314 patrem,
1248 3252 1368 3297 exces-

420 3349 497 3394 sum
522 3330 695 3394 humiliter
712 3331 890 3408 confitens,
911 3338 946 3396 et
967 3331 1159 3396 extremam
1179 3333 1326 3414 gratiam
1344 3353 1372 3398 a

421 3437 567 3512 paterna
602 3432 732 3513 pietate
769 3431 971 3514 deposcens,
1008 3438 1049 3494 ut
1085 3433 1285 3495 morientem
1317 3433 1369 3495 in·

421 3530 532 3593 visere
554 3531 764 3610 dignaretur.
817 3530 952 3608 Quibus
976 3531 1114 3608 auditis,
1134 3538 1279 3614 paterna
1297 3533 1372 3613 qui-

420 3697 507 3746 effeots
530 3698 559 3745 oi
577 3711 627 3759 any
649 3699 803 3748 churchman
824 3701 883 3749 who
945 3701 952 3731 ¹
978 3695 1088 3751 ‘xxiia'
1109 3701 1186 3750 MSS.
1210 3701 1276 3752 Coll.
1297 3694 1372 3752 Arm.

422 3767 514 3816 should
540 3767 667 3828 beqneath
696 3768 735 3816 his
763 3776 883 3832 property
909 3770 1106 3821 andOott.Tib.

421 3837 497 3884 when
508 3836 596 3898 dying,
606 3837 657 3885 and
664 3843 707 3884 not
719 3838 831 3887 minister
842 3840 884 3888 the
944 3838 954 3868 ²
975 3842 983 3868 ‘
1004 3840 1111 3889 Henrici
1135 3839 1264 3889 Henricus
1284 3842 1374 3902 Junior

423 3908 542 3968 bequests
565 3907 628 3955 with
652 3906 692 3955 his
714 3921 771 3955 own
794 3908 884 3960 hands.
909 3912 965 3971 ejus
976 3907 1062 3972 lilius‚'
1076 3910 1131 3957 MS.
1143 3910 1238 3959 Lansd.

423 3977 449 4026 lt
467 3978 490 4026 is
504 3981 555 4039 not,
572 3977 705 4039 therefore,
722 3981 747 4024 to
766 3979 797 4026 be
816 3994 885 4028 won·
945 3978 955 4008 ³
973 3980 1096 4041 Supplied
1106 3979 1170 4027 from
1183 3980 1240 4028 MS.
1248 3979 1342 4028 Lnusd.

423 4047 501 4096 dered
512 4052 548 4109 at,
564 4048 619 4095 that
630 4046 720 4109 Henry
732 4046 823 4096 should
834 4064 886 4097 em-
946 4047 955 4075 ⁴
974 4048 1099 4110 Supplied
1105 4048 1167 4097 irorn
1176 4047 1305 4098 maeoti.
1312 4051 1375 4100 Tib.

423 4118 498 4166 brace
509 4117 552 4166 the
563 4119 735 4178 opportunity,
742 4118 802 4167 thus
813 4119 886 4167 offer·
945 4116 956 4146 ⁸
974 4119 1054 4167 ‘Mor
1068 4119 1119 4166 Dei
1132 4119 1232 4180 judicio
1244 4119 1377 4170 Henricus

423 4188 465 4248 ed,
480 4186 508 4234 of
525 4188 699 4248 sequestering
711 4188 753 4235 the
768 4185 888 4249 prelate's
912 4189 968 4250 ipse
982 4187 1070 4252 junior
1093 4188 1162 4236 febre
1183 4193 1313 4250 correptus
1334 4197 1378 4239 est

424 4255 517 4304 hoards
527 4261 553 4304 to
564 4257 606 4305 the
618 4272 664 4306 use
675 4256 704 4305 of
711 4257 753 4307 the
765 4273 858 4308 crown.
913 4263 939 4307 et
949 4253 1080 4321 elanguitss
1093 4258 1149 4307 MS.
1162 4258 1256 4307 Lunsd.
