3122 4982
411 472 476 537 172
778 487 988 536 cuaorucou

263 667 357 708 aren-ru
367 667 386 708 1.
412 647 595 713 concilium
622 665 668 711 ex
691 643 822 727 Augila
847 647 978 709 terrore
1001 643 1152 708 maximo
1176 642 1366 708 Londoniis

247 719 399 783 Q
412 754 674 830 congregatum,
702 753 834 829 quanto
855 745 1041 828 gloriosius
1067 750 1164 808 tauto
1184 751 1220 809 et
1240 745 1365 808 vanius

412 848 611 923 celebravit,
643 847 707 911 sub
740 845 856 928 specie
886 845 1019 909 scilicet
1047 844 1222 925 religionis
1255 863 1364 926 agens

411 948 561 1031 propriae
580 947 759 1029 negotium
779 945 955 1023 vanitatis,
975 943 1070 1027 quod
1092 944 1211 1026 utique
1236 945 1366 1027 agebat

412 1047 535 1112 fortius
550 1064 591 1110 eo
609 1046 701 1129 quod
724 1044 997 1127 metropolitanae
1019 1043 1174 1109 ecclesiae
1193 1044 1365 1107 vacabant

412 1143 593 1229 utraeque.¹
655 1146 782 1227 ltaque
806 1144 943 1209 sublato
969 1145 1063 1209 omni
1081 1143 1261 1208 obstaculo
1279 1163 1364 1225 quo-

413 1248 527 1311 minus
548 1244 742 1310 ambnlaret
762 1245 799 1307 in
817 1244 953 1326 magnis
970 1251 1006 1309 et
1023 1242 1237 1306 mirabilibus
1258 1262 1364 1326 super

412 1366 450 1410 se
465 1346 575 1410 fretus
592 1344 733 1427 duplici,
756 1342 948 1426 apostolica
962 1343 1095 1408 scilicet
1115 1349 1152 1406 et
1172 1343 1281 1424 regia,
1300 1363 1361 1425 po-

249 1459 382 1520 tnerunt
413 1453 549 1522 testate,
573 1444 665 1509 clero
695 1444 826 1526 pariter
857 1451 892 1508 et
922 1442 1051 1526 populo
1082 1443 1364 1524 arrogantissime

248 1511 375 1610 ii⁰n¹iy¹f¹¹⁰¹²
413 1545 641 1628 praesidebat3
671 1552 706 1608 et
735 1543 825 1606 sicut
850 1542 893 1607 de
923 1543 1074 1624 quodam
1100 1543 1267 1624 scriptum
1297 1549 1361 1619 est,

413 1645 505 1729 quod
528 1651 675 1725 utraque
701 1662 806 1706 manu
832 1643 995 1707 utebatur
1020 1662 1083 1725 pro
1105 1642 1241 1718 dextra,
1261 1642 1363 1706 sicet
1465 1685 1468 1692 -

411 1745 470 1809 ille
492 1745 536 1808 ad
557 1744 747 1808 faciliorem
761 1742 977 1807 molitionum
1000 1761 1141 1806 suarum
1163 1740 1362 1819 efficaciam,

412 1852 558 1927 utraque
584 1850 755 1926 potestate
780 1843 943 1906 utebatur
968 1861 1031 1925 pro
1057 1842 1180 1919 altera,
1201 1861 1264 1906 neo
1286 1848 1363 1906 erat

413 1945 473 2026 qui
494 1964 532 2008 se
550 1942 777 2007 absconderet
792 1961 814 2006 a
832 1942 947 2007 calore
969 1942 1056 2026 ejus,
1074 1961 1152 2004 oum
1174 1948 1209 2005 et
1228 1942 1362 2006 secula-

411 2045 459 2108 ris
480 2045 517 2108 in
538 2063 580 2107 eo
596 2044 728 2125 virgam
746 2041 803 2106 vel
819 2040 973 2123 gladium
995 2041 1194 2124 apostolicae
1209 2048 1362 2124 potesta-

413 2145 459 2207 tis
475 2145 622 2219 timeret,
640 2140 726 2206 ‘et'2
736 2141 989 2206 ecclesiasticus
1001 2141 1097 2206 nulla
1109 2160 1147 2205 se
1156 2141 1291 2205 ratione
1306 2142 1363 2206 vel

411 2244 617 2308 auctoritate
645 2251 766 2306 contra
789 2247 997 2324 potestatem
1027 2241 1159 2322 regiam
1188 2241 1278 2305 tueri
1299 2260 1363 2305 va-

411 2342 510 2406 leret.
561 2341 720 2423 Denique
741 2341 855 2423 ipsum
871 2340 932 2405 illo
949 2349 1103 2424 tempore
1123 2340 1161 2404 in
1177 2338 1308 2422 Anglia
1325 2348 1361 2405 et

413 2442 601 2527 plusquam
614 2460 729 2522 regem
748 2441 883 2523 experti
903 2449 986 2506 sunt
1005 2441 1097 2518 laici,
1120 2448 1155 2505 et
1176 2441 1363 2524 plusquam

413 2561 583 2604 summurn
606 2541 803 2623 pontificem
825 2540 952 2617 clerici,
977 2541 1115 2622 utrique
1137 2560 1220 2605 vero
1242 2548 1363 2624 tyran·

412 2662 495 2705 num
516 2640 789 2723 importabilem:
814 2640 927 2704 fastus
950 2640 1025 2724 ejus
1048 2641 1119 2705 fere
1144 2642 1179 2703 in
1202 2641 1364 2704 omnibus

411 2742 595 2823 plusquam
612 2740 728 2821 regius
746 2746 844 2814 erat3
867 2739 903 2802 iu
919 2740 1137 2822 expeditione
1160 2740 1250 2804 enim
1269 2741 1364 2823 posi·

412 2848 469 2902 tus
497 2845 708 2903 armatorum
734 2840 899 2902 excubias
924 2839 1016 2903 circa
1042 2840 1237 2904 cubiculum
1261 2858 1365 2903 sunm

412 2939 538 3002 habere
561 2938 690 3018 volnit3
725 2939 935 3020 procedebat
955 2959 1038 3022 cum
1065 2940 1160 3002 mille
1188 2940 1298 3021 equiS,
1329 2947 1366 3003 et

449 3140 455 3169 ¹
475 3138 515 3200 By
536 3138 587 3188 this
616 3154 725 3201 passage
748 3140 872 3202 Heming-
898 3142 1071 3190 transmarinis
1079 3141 1366 3203 partibusconstitutus‚

411 3209 494 3270 burgh
521 3209 582 3258 does
611 3215 655 3259 not
686 3224 760 3259 mean
788 3225 820 3258 us
842 3211 873 3258 'to
898 3211 955 3271 ipso
977 3212 1130 3272 impediente
1151 3211 1262 3260 noudum
1288 3226 1366 3260 cano·

412 3279 476 3326 infer
493 3278 548 3327 that
565 3279 609 3329 the
625 3280 800 3341 metropolitan
817 3294 872 3328 sees
898 3281 963 3329 uicae
981 3285 1080 3342 poterat
1095 3281 1291 3328 consecrationis
1309 3295 1366 3331 nru-

411 3363 479 3397 were
489 3351 593 3413 actually
604 3355 699 3411 munt,
707 3351 753 3398 hut
764 3349 819 3398 that
830 3349 872 3398 the
898 3364 946 3398 nus
964 3350 1110 3411 promereri.
1149 3349 1230 3398 Porro
1250 3349 1365 3399 Cautus-

412 3418 577 3481 archhishops
598 3434 667 3468 were
694 3421 720 3468 in
749 3420 872 3479 positione
898 3421 990 3468 riensis
1005 3419 1223 3484 archiepiscopus,
1234 3421 1279 3482 qui
1286 3422 1366 3481 juxta

411 3488 496 3536 which
514 3489 637 3538 rendered
656 3489 723 3538 their
745 3489 873 3550 authority
898 3489 967 3538 sedis
1012 3491 1122 3550 propriae
1169 3490 1365 3551 prerogativam

412 3559 580 3606 unavailahle.
615 3557 670 3607 The
687 3557 818 3620 following
829 3573 874 3620 pa·
898 3558 1055 3620 Apostolicis
1088 3559 1115 3606 in
1142 3558 1238 3621 Anglia
1265 3560 1364 3609 viribus

411 3627 522 3687 ragraph
537 3627 600 3674 from
616 3628 748 3688 Newhury
764 3642 873 3689 conveys
898 3629 1032 3690 praeditus,
1054 3629 1154 3690 signum
1182 3629 1287 3677 Domini
1315 3630 1364 3678 suh

413 3694 455 3742 the
485 3709 557 3744 sense
588 3696 708 3744 intended
718 3697 787 3744 2-“
797 3697 872 3748 Quod
898 3712 957 3759 rege
969 3697 1083 3747 Henrico
1099 3704 1256 3760 susceperat,
1267 3703 1294 3746 et
1305 3703 1364 3759 post

399 3764 502 3823 'utique
524 3768 593 3812 tauto
620 3765 711 3814 lortius
740 3767 871 3827 tutiusque
898 3769 1081 3816 coronationem
1126 3769 1194 3829 regis
1241 3767 1365 3817 Richardi

413 3834 514 3894 agebat,
545 3838 640 3899 quanto
670 3836 871 3895 metropolitanis
893 3838 970 3898 juxta
986 3837 1126 3886 devolionis
1144 3851 1198 3886 suae
1210 3836 1327 3886 debitum
1338 3839 1364 3886 in

413 3917 463 3951 non
474 3904 619 3952 extantibus
636 3905 795 3953 infirmiorem
815 3920 873 3953 con·
898 3911 983 3967 partes
1010 3907 1109 3955 abierat
1130 3904 1245 3955 Orientis
1267 3907 1363 3968 Tyrum

412 3975 677 4034 traseepiscoporum
688 3975 871 4024 aemulationem
897 3976 1033 4024 deveniens
1045 3980 1102 4024 anto
1119 3989 1207 4036 regum
1225 3977 1365 4025 adventum

412 4043 453 4091 vel
509 4045 708 4106 indignationem
761 4045 871 4094 videbat.
898 4046 993 4094 ibidem
1011 4045 1137 4093 hominem
1154 4045 1254 4094 exuit.''
1291 4046 1366 4096 Guil.

413 4113 516 4175 Quippe
534 4115 608 4163 sedes
630 4115 798 4163 Eboracensis
819 4114 873 4163 fere
899 4115 1024 4176 Neubrig.
1036 4114 1068 4164 de
1080 4114 1144 4174 Rea.
1156 4115 1223 4177 Aug.
1236 4116 1265 4164 ii.
1278 4118 1336 4167 ³9⁵.

408 4184 462 4242 jam
480 4198 526 4244 per
542 4184 690 4232 decennium
704 4189 836 4233 vacaverat
847 4189 872 4232 et

412 4265 492 4301 novus
511 4253 625 4313 ejusdem
644 4255 713 4303 sedis
732 4255 828 4303 electus
845 4253 871 4301 in
932 4249 943 4283 ²
961 4252 1077 4303 Omitted
1088 4254 1114 4300 in
1126 4253 1184 4304 MS.
1196 4253 1264 4304 Coll.
1276 4254 1349 4306 Arm.
