3122 4982
412 453 477 520 184
784 469 993 518 canorucou

263 643 388 733 {effi}
414 627 517 692 etiam
534 646 612 690 cum
630 625 859 690 ‘assessore’¹
878 627 913 689 in
932 630 1058 689 terram
1077 625 1276 709 prostravit,
1294 633 1361 690 nou

284 720 289 731 '
318 721 323 731 '
384 720 389 731 ’
414 726 551 807 quidem
574 725 618 789 ad
643 733 787 790 mortem
810 725 870 788 sed
893 726 1000 789 solius
1020 726 1087 788 diei
1105 726 1359 799 confusionem

415 844 493 888 cum
524 825 616 888 enim
647 825 722 906 ipse
751 824 796 888 ad
826 826 913 888 alios
940 844 978 888 se
1008 825 1194 889 diverteret
1222 832 1363 889 strenue

416 942 523 1004 agens
543 924 617 1005 ipse
635 923 817 987 Saladinus
841 931 1043 1005 recuperato
1063 923 1240 987 dextrario
1260 923 1362 1004 fugit,

252 1022 476 1127 {affige-sed
499 1042 603 1104 aegre.
656 1022 759 1100 Quod
775 1022 931 1086 uidentes
955 1023 1008 1085 sui
1030 1042 1110 1085 mox
1134 1029 1169 1085 et
1183 1023 1250 1104 ipsi
1264 1029 1364 1103 terga

253 1098 312 1188 cll-t
321 1137 370 1178 ¹01³·
417 1128 591 1185 vertentes
620 1122 654 1184 in
689 1120 809 1202 fugam
839 1121 929 1203 lapsi
968 1128 1060 1197 sunt,
1094 1122 1194 1184 caesis
1230 1139 1276 1184 ex
1313 1121 1364 1184 eis

417 1219 556 1292 multis;
586 1219 747 1300 factaque
772 1226 825 1282 est
849 1221 885 1282 in
911 1218 971 1282 illa
990 1220 1058 1295 die,
1084 1219 1216 1284 scilicet
1237 1226 1364 1283 octavo

418 1318 495 1380 idus
536 1317 759 1400 Septembris,
796 1317 961 1381 nobilium
998 1317 1191 1382 Turcorum
1228 1326 1364 1398 strages

417 1416 581 1493 maxima,
608 1424 773 1498 quantam
795 1423 887 1480 retro
912 1416 1142 1499 quadraginta
1164 1417 1264 1479 annis
1289 1417 1365 1497 ipse

418 1513 602 1583 Saladinus
619 1534 688 1578 non
702 1515 815 1579 suerat
830 1522 1006 1597 expertus
1053 1515 1140 1578 Inde
1161 1533 1243 1578 vero
1256 1515 1365 1578 nostri
1469 1573 1472 1580 .

255 1639 392 1678 areanae„-
418 1613 563 1695 profecti
592 1619 673 1677 sunt
712 1633 821 1695 usque
845 1612 994 1697 Joppen,
1024 1632 1127 1695 quam
1158 1613 1321 1676 Saraceni
1343 1633 1366 1676 a

255 1689 369 1729 “mm‘'
420 1712 624 1776 Christianis
663 1720 896 1777 vacuaverant
931 1720 966 1777 et
1003 1712 1104 1776 modo
1140 1712 1175 1774 in
1212 1711 1365 1776 adventu

420 1809 693 1874 Christianorum
738 1811 957 1893 reliquerant,
994 1811 1053 1874 ubi
1088 1830 1150 1874 rex
1191 1810 1366 1874 Ricardus

256 1934 401 1994 meorum
420 1909 713 1991 opportunitatem
743 1909 810 1974 loci
836 1909 956 1973 videns
986 1909 1068 1974 totis
1098 1911 1203 1991 coepit
1235 1909 1367 1972 viribus

254 1983 406 2024 s⁰“¹“⁰⁸²¹⁰”''
421 2008 563 2071 eandem
588 2010 793 2085 instaurare,
819 2007 935 2072 statim
962 2014 1041 2090 post
1066 2026 1267 2089 oppugnare
1297 2007 1367 2070 dis-

257 2131 342 2170 sutus
421 2125 551 2187 ponens
585 2105 828 2171 Archalonam.
874 2105 977 2185 Quod
1010 2106 1151 2170 audiens
1183 2105 1368 2169 Saladinus

256 2181 394 2278 lllt'allr
421 2205 536 2269 statim
560 2225 636 2269 eam
660 2205 847 2279 subvertit;
874 2206 975 2269 urbes
998 2224 1136 2287 quoque
1159 2204 1309 2286 reliquas
1332 2212 1368 2268 et

256 2279 383 2368 titillet
420 2303 564 2366 castella
582 2311 682 2368 terrae
705 2304 810 2380 illius,
825 2311 951 2385 praeter
968 2312 1124 2368 sanctam
1140 2303 1314 2368 civitatem
1333 2309 1369 2366 et

421 2402 626 2482 munitiones
657 2403 895 2484 paucissimas
921 2402 1168 2485 complanavit,
1192 2409 1227 2466 et
1256 2407 1367 2466 totam

421 2501 644 2582 provinciam,
656 2502 788 2565 abrasis
797 2502 896 2565 bonis
913 2503 1084 2579 omnibuS,
1094 2502 1194 2583 quasi
1209 2500 1369 2566 inutilem

420 2606 457 2663 et
472 2619 618 2664 vacuam
634 2600 790 2665 hostibus
804 2600 953 2682 reliquit.

422 2833 470 2894 De
479 2832 649 2896 Discordia
664 2833 745 2896 iuter
765 2833 955 2897 Christianam
967 2833 1157 2904 Orteatata,·
1182 2843 1210 2897 et
1221 2833 1258 2898 de
1268 2835 1374 2896 Morte

472 2930 678 3006 Mareliouiu
699 2937 744 2994 ‘et
769 2930 914 3016 quomodo
932 2933 1000 2995 Res
1013 2933 1211 2996 Froaeortuo
1237 2932 1373 2996 Umorem

426 3059 430 3066 ·
473 3027 565 3091 duait
578 3039 606 3092 et
620 3029 801 3115 repudiauit
814 3026 921 3094 eom.’²

260 3219 350 3259 maora
477 3192 598 3258 Nostri
620 3211 702 3258 vero
726 3201 806 3276 post
832 3193 964 3258 ‘tam’³
990 3195 1070 3259 laeta
1091 3194 1262 3278 principia
1287 3193 1373 3257 nihil

259 3268 402 3368 mill
424 3312 585 3374 magnum
602 3311 663 3358 seu
680 3293 877 3358 memoriale
899 3293 1073 3367 lecerunt;
1097 3313 1138 3357 eo
1163 3293 1255 3374 quod
1280 3293 1372 3375 prin-

424 3393 519 3473 cipes
552 3393 587 3455 in
622 3393 693 3456 suis
729 3391 880 3456 consiliis
915 3392 1149 3456 conveniendo
1183 3398 1372 3455 tractantes

426 3491 634 3554 concordare
653 3511 722 3555 non
736 3497 905 3572 poterant,
928 3491 1142 3573 quorundam
1161 3509 1278 3554 eorum
1299 3497 1370 3552 stu·

425 3589 490 3650 diis
516 3590 551 3650 in
576 3589 713 3652 diversa
735 3591 935 3666 nitentibus,
953 3597 988 3654 et
1010 3590 1075 3653 hoc
1092 3591 1213 3670 gratis.
1259 3587 1372 3652 ‘Coo-

426 3684 565 3766 radus'?
582 3686 671 3748 enim
686 3688 839 3751 marchio
854 3695 889 3752 et
903 3689 1063 3770 princeps
1078 3687 1174 3770 Tyri,
1193 3707 1270 3751 curn
1287 3686 1373 3749 duce

427 3778 656 3863 Burgundiae⁵
686 3791 720 3847 et
755 3787 926 3850 nobilibus
962 3786 1172 3849 Francorum
1204 3786 1277 3867 regi
1313 3785 1372 3848 Ri-

462 3947 467 3975 ¹
481 3952 489 3978 ‘
496 3950 647 4014 assensore,'
659 3953 716 4003 MS.
728 3952 796 4004 Gott.
807 3954 866 4005 Tib.
948 3949 957 3978 ⁴
969 3952 1133 4012 ‘Comatae’
1142 3952 1198 4000 MS.
1212 3952 1307 3999 Lansd.

912 4159 954 4207 He
970 4160 1030 4207 died
1048 4165 1074 4208 at
1085 4160 1150 4220 Tyre
1162 4160 1240 4207 about
1252 4158 1295 4206 the
1310 4173 1379 4206 com-

459 4223 564 4286 ³‘jam,'
577 4225 632 4274 MS.
647 4225 712 4276 cett.
726 4227 782 4277 Tib.
911 4233 1066 4278 mencement
1077 4229 1106 4277 os
1114 4228 1156 4277 the
1168 4243 1230 4288 year
1244 4231 1316 4277 119³.
