3132 4988
255 625 346 666 alanna
357 625 376 664 1.

252 676 278 714 Δ.
286 676 311 715 Ι).
324 677 381 715 lito.

401 423 465 488 154
767 434 977 482 orsaoruoon

402 593 541 659 taudem
579 591 708 655 laboris
739 590 960 654 intolerantia
990 596 1258 672 sumptuumque
1288 609 1349 672 pe·

402 693 502 756 nuria
525 691 682 772 elanguit
702 697 806 772 atque
823 687 978 765 defluxit,
993 695 1034 752 ut
1054 688 1152 752 nulla
1171 709 1209 752 re
1223 709 1350 752 memo·

402 792 502 855 rabili
534 785 696 866 ‘facta,'¹
729 787 1003 869 contemptibiles
1038 806 1083 850 ex
1122 806 1164 852 eo
1194 788 1349 870 reliquia

403 890 617 954 Palestinam
633 907 711 954 cum
726 887 814 952 duce
825 894 1016 952 memorato
1030 886 1165 950 venisse
1180 887 1349 952 dicantur.

300 1037 301 1040 η
403 988 484 1068 Qui,
502 988 654 1071 paternis
680 988 815 1052 ossibus
839 986 932 1069 apud
957 984 1090 1068 Tyrum
1114 1003 1192 1048 cum
1214 985 1348 1050 decenti

235 1110 292 1158 jolna
301 1109 324 1150 lu
332 1110 368 1150 ba·

236 1161 267 1200 aia
290 1170 319 1208 un
328 1160 388 1208 Aera,

237 1221 263 1249 an
288 1209 339 1250 dlaa

401 1087 531 1152 honore
558 1088 713 1170 sepultis,
735 1085 867 1154 militia
893 1083 1097 1150 Christianae
1118 1103 1196 1165 quae
1220 1082 1349 1148 Acram

400 1187 581 1253 obsidebat
601 1203 680 1251 cum
703 1185 796 1250 omni
821 1185 989 1248 comitatu
1016 1182 1200 1267 adjunctus
1222 1183 1348 1246 ibidem

400 1293 480 1367 post
516 1285 688 1349 modicum
720 1291 859 1365 tempus
891 1284 1012 1346 morbo
1049 1281 1183 1346 defecit.
1242 1281 1348 1345 Hunc

400 1385 502 1448 finem
527 1384 663 1449 occulto
689 1383 756 1446 Dei
781 1382 914 1465 judicio
935 1381 1098 1446 habuisse
1119 1381 1273 1444 noscitur
1294 1380 1346 1443 sa·

401 1502 498 1548 mosa
511 1482 573 1548 illa
588 1481 770 1546 Teutonici
787 1480 1005 1563 imperatoris
1020 1479 1208 1562 expeditio.

477 1720 572 1810 Rryes
586 1721 685 1785 uestri
698 1729 843 1785 eruamini
858 1718 1018 1796 Siciliam,
1030 1728 1058 1784 et
1075 1719 1143 1784 Bra
1156 1717 1280 1805 Aapliae

676 1818 864 1905 repropriavit
878 1819 1067 1884 Messanam·

451 1973 617 2054 Sequenti
665 1981 799 2050 aestate,
840 1992 932 2038 anno
979 1993 1002 2036 a
1046 1980 1149 2056 partu
1195 1972 1350 2053 Virginis

401 2087 528 2134 ucxo.
554 2071 707 2137 illustres
735 2073 947 2136 Francorum
974 2079 1011 2135 et
1036 2070 1228 2154 Anglorum
1251 2091 1349 2152 reges

400 2171 466 2234 iter
496 2169 519 2233 J
522 2171 813 2253 erosolymitanae,
842 2171 1065 2253 profectionis
1096 2171 1242 2252 ingressi
1271 2189 1349 2234 cum

401 2275 572 2351 apparatu
603 2289 757 2352 congruo
789 2278 825 2334 et
856 2271 1012 2334 exercitu
1038 2271 1178 2352 copioso
1204 2276 1350 2334 ‘conve-

239 2366 566 2431 TleKln⁸⁸⁰‘nerunt'2
595 2367 816 2446 Marsiliam,³
842 2370 901 2434 ubi
925 2389 988 2432 rex
1019 2369 1233 2433 Francorum
1257 2369 1352 2451 prior

239 2421 318 2460 Franco
327 2421 368 2460 and

240 2471 337 2519 langland
344 2470 383 2510 aail

240 2523 272 2562 ior
280 2520 350 2570 Sicily.

402 2486 479 2530 cum
511 2467 584 2530 suis
614 2468 733 2550 copiis,
769 2468 961 2533 autumnali
995 2476 1161 2551 tempore,
1193 2468 1351 2532 secundis

401 2566 543 2630 flatibus
568 2567 750 2649 navigavit
776 2568 832 2630 ‘in
855 2566 1063 2632 Siciliam:’⁴
1085 2587 1147 2631 rex
1173 2586 1254 2632 vero
1276 2565 1350 2631 An·

401 2665 538 2746 glorum
564 2685 627 2748 per
657 2666 798 2748 aliquod
824 2673 962 2749 tempus
988 2667 1114 2730 ibidem
1140 2665 1351 2742 demoratus,

401 2765 540 2828 tandem
557 2765 667 2829 classe
684 2766 800 2830 soluta
815 2767 903 2831 mari
918 2785 956 2830 se
971 2761 1182 2842 ‘credidit,'⁵
1197 2765 1352 2846 flatuque

402 2863 574 2957 arridente
603 2864 638 2927 in
668 2865 818 2928 insulam
847 2865 992 2930 eandem
1015 2865 1166 2930 devenit.
1217 2864 1350 2929 Verum

401 2979 462 3024 rex
483 2962 652 3038 Franciae,
669 2964 729 3044 qui
746 2964 862 3046 ‘prior
872 2955 899 2998 ’⁶
913 2965 1112 3042 advenerat,
1125 2971 1133 2998 ‘
1148 2965 1349 3028 Messanam

401 3061 521 3124 urbem
535 3062 762 3126 clarissimam
781 3063 825 3126 ad
849 3062 1069 3128 hiemandum
1090 3064 1208 3145 elegit,
1228 3070 1351 3126 etcum

400 3161 528 3241 gaudio
550 3181 572 3226 a
586 3162 720 3225 civibus
746 3170 913 3244 exceptus
936 3161 1034 3228 est.'⁷
1086 3163 1242 3244 Sequens
1271 3181 1353 3227 vero

436 3318 443 3348 ¹
462 3322 576 3371 Omitted
587 3323 612 3371 in
625 3323 683 3370 MS.
696 3321 763 3372 Gott.
775 3323 833 3372 Tib.
888 3324 997 3372 reached
1015 3322 1160 3372 Marseilles
1177 3337 1209 3371 on
1226 3323 1269 3372 the
1286 3322 1354 3372 lund

435 3389 446 3420 2
463 3392 616 3454 ‘venerunt'
628 3392 685 3441 MS.
698 3391 765 3442 Cott.
775 3392 833 3441 Tib.
888 3393 918 3442 oi
931 3394 1044 3456 August,
1059 3395 1138 3442 about
1156 3392 1270 3442 iourteen
1288 3392 1354 3454 days

436 3458 515 3511 ³The
531 3466 583 3511 two
601 3462 677 3524 kings
694 3462 785 3523 parted
795 3476 862 3510 com·
888 3462 955 3512 aiter
964 3463 996 3511 he
1007 3462 1059 3511 bad
1070 3461 1117 3512 leit
1127 3462 1182 3510 that
1188 3467 1253 3522 port.
1287 3461 1353 3525 Ros.

400 3545 468 3591 pany
479 3536 506 3578 at
518 3531 612 3591 Lyons,
623 3531 693 3592 King
704 3531 792 3591 Philip
803 3531 862 3579 tak-
888 3533 920 3581 de
938 3531 1072 3592 Hoveden,
1090 3532 1150 3580 Rer.
1168 3531 1235 3593 Aug.
1258 3529 1351 3593 Script.

400 3601 444 3660 ing
460 3599 502 3647 the
519 3605 619 3648 nearest
634 3600 697 3648 road
719 3605 745 3648 to
763 3599 863 3661 Genoa,
889 3605 947 3663 666,
958 3605 1023 3661 678;
1041 3602 1190 3663 Brompton,
1202 3601 1273 3650 Hist.
1283 3601 1352 3663 Aug.

401 3668 451 3716 and
471 3668 583 3716 Richard
602 3668 754 3730 proceeding
769 3670 803 3730 by
819 3670 862 3718 the
888 3672 981 3733 script.
995 3674 1154 3728 nimiis.

400 3735 484 3796 valley
493 3736 522 3784 of
529 3737 570 3784 the
579 3737 667 3785 Rhone
675 3741 701 3785 to
709 3737 863 3800 Marseilles,
923 3755 933 3784 ⁴
950 3756 1064 3807 Omitted
1076 3759 1103 3804 jn
1114 3757 1172 3805 MS·
1184 3755 1244 3804 00st
1264 3755 1314 3803 Tib

401 3805 461 3853 then
480 3820 496 3854 a
512 3805 565 3854 free
583 3807 635 3867 city
651 3806 864 3870 acknowledging
925 3841 958 3870 Η
977 3843 1059 3892 msd.
1082 3842 1149 3890 ,MS
1172 3840 1194 3891 c
1212 3791 1323 3890 tt'ffi‘

401 3873 444 3924 the
464 3875 623 3937 sovereignty
643 3875 673 3924 ol
687 3875 730 3924 the
748 3875 819 3939 King
837 3877 867 3925 of
967 3849 976 3892 t
1000 3848 1081 3940 ‚¹¹t’
1152 3878 1160 3892 “
1196 3857 1210 3890 ⁰
1234 3875 1249 3938 ⁰,
1275 3857 1311 3891 ¹·

400 3945 526 4008 Arragon,
545 3946 640 4007 where,
661 3946 757 4008 haring
782 3951 808 3994 to
830 3960 863 3995 no
924 3925 935 3958 ⁶
951 3926 1278 3989 ‘pnua,'MS.Oott.T1b.

401 4029 512 4076 purpose
526 4015 621 4065 waited
640 4015 679 4064 ior
695 4016 738 4064 the
756 4015 863 4078 English
924 4009 935 4047 ⁷
951 4015 993 4061 ‘in
1004 4013 1151 4062 Messanam
1162 4013 1290 4060 civitatem
1301 4012 1357 4062 ela·

401 4085 458 4133 tieet
469 4086 566 4134 several
581 4085 655 4148 days,
669 4086 702 4133 he
714 4085 800 4146 finally
811 4099 863 4134 em·
889 4084 1015 4132 tissimum
1035 4097 1093 4131 cum
1114 4081 1209 4143 gaudio
1226 4081 1358 4142 excipitur

401 4154 499 4202 barhed
518 4156 544 4202 in
563 4156 660 4204 vessels
680 4154 812 4204 furnisbed
828 4155 862 4216 by
889 4167 905 4201 a
922 4153 1031 4213 civibus,
1046 4152 1133 4212 ibique
1145 4151 1178 4199 ad
1191 4149 1357 4200 biamartdum

401 4222 444 4270 the
461 4222 629 4274 Marseillese.
665 4224 716 4272 llis
733 4239 790 4272 own
807 4223 864 4273 lieet
890 4221 984 4284 elegit’
997 4221 1054 4271 MS.
1067 4221 1134 4271 cota
1146 4221 1202 4270 Tib.
