3122 4982
428 477 495 542 214
805 494 1014 542 cuaouroou

280 666 402 709 sternar.
433 650 635 733 exequendo
662 651 881 726 occumbant,
909 648 1106 714 severitatis
1131 647 1296 713 ultionem
1324 669 1386 712 ex-

269 717 421 784 Q
433 754 561 831 petere.
613 748 822 813 Audivimus
839 749 944 811 etiam
966 748 1009 812 de
1028 749 1279 830 praenominato
1301 768 1387 829 rege

433 847 628 929 vulgatum,
661 848 753 930 quod
787 867 850 911 nos
885 854 1051 929 tanquam
1082 848 1197 910 minus
1228 848 1386 927 integros

433 954 468 1010 et
481 953 680 1011 constantes
696 945 872 1009 induxerit
896 952 935 1010 ut
954 946 997 1009 de
1016 944 1143 1008 nostris
1161 945 1295 1027 aliquos
1310 946 1387 1028 regi

434 1045 648 1110 Francorum
666 1045 890 1108 insidiaturos
914 1042 1170 1122 eruitteremus3⁴
1192 1045 1284 1125 qnod
1306 1063 1386 1126 pro-

433 1143 594 1207 culdubio
622 1142 748 1207 falsum
776 1150 812 1206 et
836 1143 1033 1208 vanissimae
1055 1143 1260 1224 suspicionis
1289 1161 1384 1206 com·

433 1250 586 1306 mentum
620 1247 686 1319 est,
724 1260 802 1306 cum
838 1261 901 1305 neo
936 1241 1023 1324 ipse,
1059 1241 1135 1305 Deo
1174 1249 1275 1318 teste,
1312 1241 1385 1306 tale

433 1341 564 1421 aliquid
606 1341 698 1404 circa
741 1360 805 1404 uos
845 1341 1080 1416 attentaverit,
1116 1359 1179 1404 nec
1217 1359 1281 1403 nos
1323 1340 1385 1404 bo·

433 1439 516 1501 mini
541 1439 712 1502 immerito
737 1439 866 1502 malum
887 1439 1000 1502 moliri
1014 1446 1173 1520 respectu
1189 1438 1386 1503 honestatis

433 1545 562 1600 nostroe
579 1537 779 1600 sineremus.
823 1538 918 1601 Bene
935 1537 1085 1602 valete.'’
1138 1537 1216 1600 Hes
1233 1537 1384 1620 denique

433 1636 552 1700 literas
578 1655 655 1699 curn
685 1655 802 1700 coram
830 1655 868 1700 se
900 1635 1099 1700 solemniter
1128 1637 1293 1699 recitatas
1318 1657 1384 1700 rex

436 1735 648 1798 Francorum
672 1734 836 1810 audisset,
863 1735 993 1800 dixisse
1019 1734 1138 1810 fertur,
1165 1754 1281 1816 regem
1311 1735 1386 1824 An-

433 1833 568 1914 glorum
589 1834 632 1897 de
654 1839 726 1897 tam
748 1833 867 1897 infami
890 1843 974 1898 nota
996 1833 1161 1915 praeclare
1182 1841 1385 1915 purgatum,

337 1937 342 1944 '
432 1951 539 2014 seque
556 1951 632 1995 cum
651 1933 726 2013 ipso
741 1932 925 1996 decaetero
941 1951 1045 2014 posse
1062 1931 1235 2008 foederari,
1253 1950 1331 1994 eum
1347 1933 1386 1994 in

433 2051 510 2094 eum
532 2031 631 2094 nulla
651 2031 720 2096 elia
741 2049 848 2096 causa
875 2030 998 2096 fortius
1024 2045 1128 2112 quam
1156 2029 1383 2113 ‘suscepta’²

351 2199 354 2206 ,
434 2130 630 2210 suspicione
663 2130 705 2193 do
738 2149 821 2193 neos
851 2130 1050 2193 amicissimi
1083 2127 1291 2193 marchionis
1320 2147 1382 2192 ex·

433 2229 579 2301 arserit;
612 2227 687 2291 baeo
713 2228 843 2304 dicens
867 2247 1006 2292 causam
1037 2227 1216 2291 substituit
1249 2228 1333 2309 quia
1362 2246 1386 2292 a

434 2325 507 2388 suis
540 2325 661 2389 eodem
695 2333 851 2408 tempore
881 2326 926 2389 ad
953 2326 1138 2391 ineundum
1164 2323 1278 2389 foedus
1303 2345 1384 2390 cum

434 2442 515 2503 rege
541 2419 735 2505 Anglorum
759 2424 980 2489 monebatur:
1005 2425 1132 2490 dieitur
1153 2431 1268 2488 tamen
1290 2425 1385 2506 qnod

433 2520 477 2584 ad
502 2541 676 2602 germanae
703 2521 792 2604 ejus,
819 2523 879 2604 qui
907 2523 1013 2587 Siculi
1039 2524 1130 2604 regis
1158 2542 1300 2604 compar
1325 2541 1385 2587 cx-

434 2621 565 2697 titerat,
586 2621 725 2703 nuptias
749 2621 938 2702 aspirabat,
961 2622 1088 2703 quibus
1108 2629 1226 2685 tamen
1247 2622 1383 2705 potitus

271 2749 409 2798 mmo,
433 2737 504 2781 non
534 2726 598 2783 est.
664 2718 820 2782 Tandem
847 2719 938 2783 idem
963 2739 1026 2783 rex
1054 2719 1212 2784 Francius
1240 2721 1290 2784 sic
1316 2721 1386 2784 fre-

270 2799 358 2838 marrler
370 2799 409 2837 the

271 2848 408 2898 „mm
434 2823 579 2896 quantor
602 2816 738 2893 illusus,
757 2818 888 2900 absque
912 2818 1020 2881 divini
1048 2819 1181 2882 timoris
1200 2819 1256 2882 vel
1274 2817 1387 2883 eccle-

270 2897 413 2988 *ἔξω
432 2912 565 2976 siastici
580 2914 709 2995 vigoris
724 2916 917 2994 obstaculo,
926 2914 1257 2999 ‘ducis’2cujusdam
1268 2917 1387 2980 Theu-

433 3011 540 3074 touici
565 3011 690 3076 tiliam³
712 3013 815 3077 duxit
839 3031 995 3092 uxorem,
1016 3031 1094 3078 cum
1120 3013 1234 3097 pellex
1265 3017 1385 3096 potius

432 3108 538 3172 fuisse
567 3109 783 3176 ‘videatur’⁴
806 3119 842 3177 et
857 3110 1127 3195 ‘superducta’⁶
1144 3111 1256 3196 magis
1277 3129 1384 3196 quam

429 3207 547 3272 ducta.

563 3355 684 3419 Itarruu
698 3363 901 3421 convenerat
913 3353 1008 3442 Reuss
1021 3352 1069 3420 ud
1081 3355 1250 3424 Proelium.

483 3513 620 3578 Finitis
638 3517 746 3596 igitur
771 3517 930 3596 induciis,
958 3534 1037 3582 eum
1063 3520 1170 3583 corda
1191 3531 1313 3603 regum
1339 3522 1383 3586 ad

430 3612 648 3675 concordiam
692 3613 793 3678 facile
836 3617 982 3680 emolliri
1025 3635 1128 3699 posse
1173 3618 1384 3698 crederetur,

431 3709 545 3770 causis
577 3725 713 3772 rursum
747 3713 1078 3794 ingravescentibus,
1102 3724 1139 3780 et
1170 3736 1302 3794 eorum,
1332 3720 1385 3781 in·

431 3803 584 3884 stigaute
614 3803 764 3886 diabolo,
793 3811 969 3878 redivivus
997 3813 1093 3878 furor
1120 3815 1320 3893 excanduit,
1349 3825 1386 3882 et

468 3999 475 4030 ¹
491 4001 500 4028 ‘
507 4003 646 4064 concepta,'
657 4004 713 4054 Ms.
726 4005 820 4070 Lansd.
955 4007 966 4037 ⁴
982 4009 1301 4074 ‘udmatm,’1t18.00tt.
1313 4015 1373 4066 Tib.

465 4065 476 4094 ¹
491 4067 606 4120 Omitted
617 4073 643 4120 in
656 4065 712 4124 MS.
724 4075 789 4124 con.
803 4076 874 4125 Arm.

464 4131 476 4167 ³
491 4139 589 4202 Agnes,
599 4141 761 4203 daughterof
770 4144 893 4194 Bertboid
954 4145 964 4174 ³
982 4147 1201 4210 ‘superinducta'
1212 4147 1268 4200 MS.
1279 4151 1389 4216 Lansd.;

431 4206 578 4268 1v.,1)uke
590 4210 619 4257 ot
628 4211 726 4261 Menan.
919 4216 926 4242 ‘
937 4213 1107 4277 supradicta,'
1118 4218 1175 4267 MS.
1188 4217 1256 4268 Gott.
1267 4220 1326 4269 Tib.
