3132 4988
392 481 457 544 142
759 497 968 544 curtorucon

237 665 367 756 pigra&
391 660 531 717 coactus
570 661 646 717 est
659 653 825 730 confiteri,
861 653 1097 735 ductusque
1087 671 1124 713 1n
1160 651 1339 715 ecclesiam

226 798 367 839 Massam„
389 751 481 816 illico
506 753 701 835 baptizatus
736 759 799 816 est.
855 752 982 816 Sedato
1011 771 1095 816 vero
1121 751 1316 828 tumultu,
1307 771 1341 813 m

225 849 334 889 imm·
389 853 541 915 crastino
574 852 763 933 productus
800 851 844 916 ad
879 851 1067 934 principem
1105 851 1340 930 interrogatus

389 958 441 1014 est
466 953 510 1014 ab
539 970 580 1014 eo
611 970 656 1014 an
686 958 777 1014 esset
804 950 1032 1026 Christianus,
1066 950 1126 1032 qui
1151 950 1339 1031 respondit,

388 1069 426 1113 se
457 1069 479 1113 a
512 1049 714 1114 Christianis
744 1050 913 1133 baptizari
943 1057 1101 1113 coactum
1131 1049 1191 1112 sed
1225 1050 1338 1112 animo

388 1169 522 1231 semper
536 1149 642 1213 fuisse
660 1149 834 1225 Judaeum,
851 1157 885 1212 et
909 1149 1034 1212 ‘talem
1045 1146 1076 1180 '¹
1097 1167 1135 1212 se
1149 1148 1252 1212 malle
1268 1169 1341 1212 mo-

387 1250 428 1325 ri,
449 1269 528 1312 cum
548 1249 623 1332 Jam
644 1269 713 1312 non
732 1255 849 1330 posset
865 1248 993 1325 vivcre,
1012 1247 1125 1331 plagis
1151 1249 1242 1311 enim
1268 1249 1336 1330 pri-

387 1349 442 1412 die
458 1348 627 1431 impositis
647 1349 836 1428 urgebatur
857 1347 901 1411 ad
920 1357 1080 1411 mortem:
1105 1347 1237 1430 ejectus
1255 1366 1337 1427 ergo

386 1466 408 1510 a
433 1447 520 1510 facie
553 1447 715 1531 principis
746 1447 769 1510 J
772 1447 879 1510 udaeis
909 1454 963 1511 est
993 1446 1145 1510 redditus
1177 1453 1337 1529 apostata

387 1545 623 1620 Christianus3
649 1553 684 1610 et
708 1545 775 1610 cito
801 1546 962 1610 deficiens
989 1546 1033 1610 de
1054 1545 1241 1610 Benedicto
1267 1544 1338 1608 effi·

386 1646 475 1709 citur
507 1645 730 1723 maledictus3
764 1644 916 1709 Jocenus
949 1654 1063 1709 autem
1097 1645 1140 1707 de
1174 1644 1336 1708 conflictu

385 1743 522 1825 fugiens
548 1745 687 1809 domum
712 1763 869 1808 reversus
893 1752 956 1807 est.
1010 1744 1108 1824 Rege
1131 1763 1213 1808 vero
1240 1751 1335 1826 post-

386 1843 524 1907 modum
547 1845 582 1906 in
602 1843 757 1926 partibus
782 1843 1016 1907 transmarinis
1041 1842 1239 1918 constituto,
1258 1863 1335 1908 cou-

381 1941 588 2026 juraverunt
624 1944 790 2006 adversus
829 1942 972 2006 Judaeos
1009 1941 1162 2005 Eburum
1196 1943 1335 2024 provin·

386 2042 491 2106 ciales
520 2042 670 2124 plurimi,
702 2041 871 2125 perfidum
902 2042 1105 2122 sanguinem
1135 2048 1170 2104 et
1202 2041 1335 2123 praeda-

386 2161 462 2204 rum
496 2141 691 2224 cupidinem
719 2141 884 2206 sitientes.
934 2140 1090 2222 Cumque
1125 2140 1220 2203 urbis
1252 2159 1334 2222 pars

316 2313 318 2317 y
385 2260 454 2303 non
481 2241 625 2317 modica,
655 2248 755 2305 nocte
784 2241 1004 2323 intempesta,
1035 2239 1092 2303 vel
1123 2239 1334 2317 ‘-fortuit0‚'²

386 2339 441 2402 vel
475 2340 603 2421 potius,
636 2347 676 2402 ut
706 2339 866 2417 creditur,
901 2358 923 2402 a
957 2339 1146 2423 conjuratis
1179 2340 1333 2403 immisso

386 2437 612 2520 conflagravit
636 2438 803 2514 incendio,
832 2436 930 2502 ‘ne'³
961 2446 996 2502 et
1028 2439 1094 2520 ipsi
1124 2439 1216 2502 cives
1242 2439 1334 2505 circa

384 2537 498 2616 ignem
523 2538 682 2620 occupati
703 2538 946 2620 impedimento
967 2535 1130 2602 ‘essent'⁴
1149 2538 1332 2620 praedanti-

353 2657 355 2661 *
384 2637 460 2712 bus,
487 2643 621 2702 armata
647 2636 904 2721 conjuratorum
935 2655 1056 2701 manus
1084 2637 1223 2700 domum
1253 2637 1335 2702 dicti

385 2734 576 2812 Benedicti,
605 2743 645 2800 ut
671 2737 799 2799 dictum
828 2744 892 2813 est,
920 2736 1106 2801 Londoniis
1132 2737 1268 2813 mortui,
1297 2739 1332 2800 in

383 2853 456 2920 qua,
468 2853 557 2897 uxor
578 2834 652 2918 ejus
673 2843 707 2899 et
727 2836 789 2898 filii
807 2855 886 2898 cum
908 2836 984 2900 aliis
1004 2835 1332 2919 pluribuspropter

383 2933 615 2996 fortitudinem
650 2935 783 3010 domus,
824 2935 1038 3010 habitabant,
1071 2936 1106 2997 vi
1134 2955 1262 3016 magna
1288 2945 1333 3001 et

382 3032 597 3098 ferramentis
627 3033 671 3096 ad
702 3032 767 3098 hoc
797 3035 1002 3116 praeparatis
1034 3035 1177 3116 irrupit:
1216 3036 1330 3099 caesis-

383 3151 450 3212 que
479 3132 637 3196 omnibus
665 3133 725 3216 qui
752 3133 787 3196 in
817 3153 860 3197 ea
887 3141 996 3209 erant,
1023 3141 1059 3196 et
1082 3132 1228 3197 corrasis
1257 3135 1331 3217 opi-

382 3230 459 3307 bus,
498 3231 612 3312 ignem
649 3251 786 3315 quoque
829 3233 930 3296 tectis
971 3232 1124 3308 immisit,
1165 3241 1201 3296 et
1236 3235 1330 3298 abiit.

383 3329 463 3408 Quo
498 3351 579 3395 casu
615 3333 825 3396 consternati
855 3331 983 3407 Judaei,
1017 3338 1053 3396 et
1089 3333 1239 3396 maxime
1273 3333 1330 3398 ille

382 3429 425 3492 ‘J
428 3425 601 3508 ocenus,'⁵
631 3431 772 3495 custode
804 3439 949 3495 exorato
979 3438 1014 3495 et
1043 3431 1257 3509 connivente,
1294 3435 1330 3496 in

380 3548 493 3593 arcem
515 3529 646 3611 regiam
667 3531 888 3613 pecuniarum
910 3550 1049 3594 suarum
1070 3532 1225 3612 ingentia
1245 3552 1329 3614 pon-

380 3627 464 3691 dera
490 3636 656 3710 tanquam
685 3649 790 3710 gazas
820 3631 932 3712 regias
961 3638 1217 3695 convexerunt:
1250 3640 1331 3714 post

383 3726 456 3789 dies
471 3746 553 3790 vero
568 3727 701 3808 aliquot
715 3729 874 3793 nocturni
893 3729 944 3793 illi
963 3730 1143 3812 praedones
1163 3749 1241 3794 cum
1259 3750 1330 3795 ma·

374 3824 446 3909 jori
460 3825 585 3890 fiducia
600 3835 705 3910 atque
727 3827 906 3893 ‘ferociori
919 3821 947 3864 '⁶
966 3829 1121 3906 redeunt,
1139 3837 1175 3893 et
1190 3830 1329 3894 domum

414 4037 558 4102 '‘magis,'
577 4039 653 4089 MSS.
678 4038 743 4089 coll.
766 4038 837 4089 Arm
899 4036 990 4088 ⁴‘non
1001 4038 1102 4100 essent'
1113 4037 1171 4087 MS.
1184 4037 1278 4088 Lansd.

378 4108 508 4159 andGott.
521 4109 578 4159 Tib.
899 4105 1060 4171 ⁶‘Joceus,'
1089 4108 1149 4156 here
1177 4108 1227 4156 and
1254 4109 1330 4158 after-

411 4176 537 4240 2‘casu,'
549 4179 606 4229 MS.
619 4179 712 4230 Lansd.
863 4178 948 4227 words
960 4178 1057 4228 inMS.
1069 4177 1134 4227 Coll.
1146 4176 1217 4229 Amr.

412 4245 422 4274 ³
438 4247 501 4308 ‘ut,’
513 4248 569 4297 MS.
582 4248 676 4298 Lansd.
898 4243 909 4276 ⁶
926 4247 1052 4309 ‘ferocia'
1065 4247 1123 4302 MS.
1136 4245 1229 4298 Lansd.
