3132 4988
412 477 456 542 86
778 490 989 539 canonicor<

261 668 345 758 pugil
350 668 393 756 ¹1⁵1&
415 647 634 724 Gaufridum,
659 655 694 710 et
714 646 940 724 Willelmum,
966 649 1010 711 ad
1035 653 1193 710 extrema
1213 646 1367 722 veniens,

254 748 528 812 *medio
550 747 698 810 filiorum
720 748 923 811 comitatum
945 745 1232 828 Andagavensem
1257 753 1365 809 testa·
1473 737 1477 742 ’

416 853 533 911 mento
566 847 717 929 reliquit,
751 847 801 910 sic
833 846 950 910 dicens
985 847 1075 910 inter
1103 854 1231 910 caetera
1258 851 1366 909 testa·

255 978 368 1028 000n0p.
418 947 524 1012 menti
557 947 611 1010 sui
641 947 766 1010 verba:
791 943 880 1010 Cum
913 945 1087 1010 Henricus
1116 945 1366 1028 plenitudinem

256 1029 356 1128 Ϊξὲῗέῃῖο
419 1047 606 1111 obtinuerit
616 1046 707 1130 juris
722 1047 880 1122 materni,
895 1045 930 1110 id
948 1053 1001 1110 est
1019 1045 1270 1110 Normanniam
1288 1063 1366 1107 curn

419 1145 560 1227 Anglia,
575 1145 674 1210 fratri
685 1145 855 1209 Gaufrido
871 1150 973 1210 ‘tunc
987 1143 1261 1228 patrimonium'l
1278 1145 1366 1208 inte·

420 1265 480 1328 gre
495 1245 666 1323 dimittat;
683 1246 820 1309 interim
832 1265 914 1309 vero
929 1245 1041 1310 dictus
1053 1244 1242 1309 (laufridus
1256 1244 1368 1308 tribus

420 1343 584 1420 castellis,
601 1343 732 1408 scilicet
747 1349 757 1379 ‘
770 1343 993 1428 Schynone‚'²
1011 1344 1188 1421 Leoduno,
1206 1351 1241 1408 et
1257 1343 1367 1406 Mira·

419 1444 522 1520 bello,
538 1444 585 1507 sit
601 1450 792 1507 contentus.
844 1444 891 1508 Et
908 1445 991 1525 quia
1012 1445 1186 1509 Henricus
1209 1451 1289 1508 tunc
1307 1443 1368 1505 ab·

420 1562 500 1607 sens
522 1541 646 1618 fuerat,
662 1543 752 1606 idem
770 1562 884 1607 comes
901 1544 1080 1627 episcopos
1096 1553 1132 1608 et
1153 1542 1285 1607 nobiles
1309 1542 1369 1624 qui

422 1631 583 1706 aderant'
602 1642 776 1726 adjuravit
809 1662 852 1706 ne
888 1662 1013 1726 corpus
1046 1663 1146 1707 suum
1179 1641 1367 1725 sepulturae

423 1741 627 1818 traderetur,
641 1743 707 1805 nisi
728 1743 883 1823 praestito
905 1743 1002 1825 prius
1024 1749 1240 1807 sacramento
1259 1761 1281 1806 a
1297 1741 1369 1804 filio

423 1842 514 1924 quod
552 1849 733 1924 paternum
767 1842 907 1905 minime
937 1842 1083 1907 violaret
1114 1848 1367 1907 testamentum.

423 1941 584 2023 Denique
609 1942 669 2005 illo
691 1949 839 2018 mortuo,
863 1961 946 2005 mox
979 1943 1023 2006 ad
1051 1942 1217 2026 exequias
1244 1943 1371 2006 absens

424 2041 515 2105 filius
530 2041 714 2118 concurrit,
730 2047 766 2104 et
787 2042 905 2105 audita
921 2041 1137 2124 adjuratione
1151 2048 1297 2124 paterna
1311 2041 1371 2103 diu

350 2209 362 2233 θ
424 2140 618 2205 haesitavit:
655 2140 795 2205 tandem
822 2140 1116 2206 conclamantibus
1142 2142 1301 2205 omnibus
1328 2159 1371 2202 ne

425 2241 469 2303 ad
492 2241 738 2323 sempiternum
763 2241 838 2324 ejus
861 2242 1079 2324 opprobrium
1103 2243 1212 2326 patris
1245 2260 1370 2323 corpus

424 2339 640 2403 inhumatum
673 2347 877 2418 remaneret,
902 2340 1015 2405 victus
1037 2342 1233 2417 succubuit,
1259 2347 1294 2404 et
1317 2359 1372 2403 sa-

426 2445 637 2502 cramentum
660 2440 753 2521 quod
778 2441 983 2522 exigebatur
1006 2461 1075 2505 non
1101 2443 1231 2523 absque
1253 2440 1371 2503 dolore

425 2538 606 2620 praestitit:
631 2557 708 2601 cum
738 2546 853 2603 autem
882 2559 1026 2621 regnum
1054 2547 1146 2606 esset
1172 2540 1318 2621 adeptus
1351 2558 1374 2602 a

424 2655 559 2701 summo
573 2638 735 2720 pontifice
751 2641 951 2703 beneficium
967 2641 1192 2706 absolutionis
1209 2659 1373 2705 consecu-

427 2743 483 2801 tus
492 2744 559 2801 est:
578 2738 786 2820 quaratione
798 2747 892 2805 tutus
903 2760 965 2804 nec
975 2747 1183 2806 testamento
1194 2741 1373 2822 patrisnec

425 2837 585 2918 petitioni
599 2837 717 2901 fratris
730 2839 929 2904 satisfacere
941 2842 1086 2905 curavit.
1140 2841 1240 2905 Unde
1257 2839 1372 2920 indig-

426 2943 528 2998 natus
543 2936 661 3014 frater,
679 2945 715 3001 et
729 2939 838 3002 tribus
853 2941 1111 3021 praenominatis
1124 2940 1274 3004 castellis
1288 2941 1375 3004 bene

425 3035 579 3112 munitis,
605 3035 785 3101 confestim
807 3039 940 3104 vicinas
965 3042 1126 3105 turbabat
1154 3038 1371 3122 provincias:

426 3154 490 3198 rex
521 3142 637 3199 autem
662 3138 818 3202 exercitu
845 3158 990 3222 propere
1016 3146 1226 3222 congregato
1255 3137 1372 3221 Chyn-

264 3266 381 3315 nemra.
427 3254 527 3299 onem
541 3236 688 3312 obsedit,
704 3237 789 3300 etin
805 3239 901 3303 brevi
916 3258 978 3321 per
991 3240 1196 3304 deditionem
1214 3239 1373 3316 obtinuit,

264 3316 414 3366 ⁶⁰⁰⁸¹⁸¹¹¹⁰¹¹’
427 3334 594 3418 fratrique
617 3336 796 3402 humiliato
818 3339 954 3403 veniam
978 3338 1094 3419 dedit3
1117 3346 1164 3417 et,
1182 3346 1222 3403 ut
1241 3340 1374 3403 occasi·

428 3455 526 3500 onem
543 3437 712 3518 superbiae
728 3437 759 3500 ei
774 3438 923 3515 tolleret,
935 3447 1060 3503 terram
1077 3439 1217 3522 planam
1230 3438 1295 3504 sibi
1310 3458 1374 3521 pro

263 3554 401 3645 {lffimfmff
428 3536 552 3599 castris
564 3536 721 3612 contulit,
735 3539 814 3600 etin
826 3537 989 3619 Angliam
1003 3547 1237 3604 reversussst.
1273 3538 1375 3604 ‘Cito

275 3614 287 3643 ⁰
316 3615 380 3654 '¹³⁸⁰
397 3634 402 3647 '
428 3642 508 3715 post
523 3634 697 3715 praeclarae
713 3637 808 3700 urbis
826 3637 1094 3704 Namnetheusis
1110 3640 1215 3716 cives,
1230 3645 1375 3716 certum,

265 3757 361 3806 osone,
428 3732 463 3795 in
473 3751 542 3813 quo
555 3733 621 3796 sibi
630 3733 893 3815 complacerent,
905 3738 1080 3801 dominum
1092 3759 1159 3802 non
1168 3737 1377 3816 habentes‚'³

265 3809 345 3848 elected
361 3806 403 3845 Gu-

264 3857 374 3948 ffior
428 3831 629 3914 praedictum
645 3831 852 3899 Gaufridum
873 3837 1044 3902 industria
1060 3844 1236 3902 strenuum
1258 3839 1324 3902 sibi
1341 3839 1377 3901 in

463 4053 470 4086 ¹
488 4057 547 4119 ‘jus
558 4058 710 4119 paternum,'
724 4058 781 4108 MS.
793 4059 889 4110 Lansd.
914 4061 1091 4125 complaceret,
1110 4063 1238 4112 domiuum
1261 4079 1310 4112 non
1334 4065 1380 4113 ha·

461 4123 632 4191 '‘Schynos,'
645 4128 774 4178 MS.Coll.
782 4129 854 4180 Arm.
913 4131 1020 4192 bentes,'
1050 4133 1125 4185 Mss.
1148 4133 1214 4186 coll.
1236 4134 1308 4184 Arm.
1327 4136 1379 4184 and

460 4193 471 4227 ³
505 4196 515 4244 ‘.
525 4197 583 4247 Cito
602 4202 661 4259 post
682 4200 807 4260 praeclara
828 4201 889 4249 urbs
914 4201 982 4251 Cott.
992 4202 1049 4251 Tib.

427 4266 623 4317 Namnethensis
630 4273 736 4332 certum,
743 4270 768 4318 iu
778 4286 829 4332 quo
840 4271 889 4319 sibi
