3122 4982
397 457 566 507 wnnrnur
594 460 640 508 uu
662 460 946 508 numinenuucu.
1079 445 1144 510 173

186 616 507 700 plerumqueetiam
522 618 748 683 numerosius.
780 619 1064 701 Legationissuue
1079 639 1140 684 no·
1168 649 1262 690 maur
1272 649 1290 690 1.

189 717 281 780 mine
308 718 496 802 hospitium
525 719 705 783 aounctis
734 738 797 800 per
824 716 989 802 Angliam
1021 701 1303 801 exegitffl

189 818 426 884 monasteriis:
451 827 523 884 eta
540 819 729 883 minoribus
746 837 825 900 quae
842 819 978 902 pondus
1000 819 1140 902 hospitii

189 919 279 981 ferre
294 939 363 982 non
386 925 558 1001 poterant,
576 926 683 996 certu,
698 918 732 982 id
749 925 802 982 est
818 926 898 983 octo
913 919 970 983 vel
987 921 1141 1003 quinque
1153 945 1194 986 ‚aa
1204 943 1301 995 prun»

190 1025 395 1096 marcarum,
411 1038 546 1083 summa
571 1018 692 1082 redimi
713 1017 865 1100 hospitia
885 1019 1039 1092 censuim
1068 1039 1141 1084 ma·
1153 997 1199 1046 '¹⁸³'

185 1116 323 1199 juribus
354 1138 438 1183 vero
469 1118 689 1184 incumbebat
721 1117 819 1182 velut
854 1118 1000 1183 locustu.
1068 1117 1141 1182 Ex-

190 1215 309 1281 hausit
329 1238 413 1299 ergo
437 1238 507 1283 non
528 1217 641 1283 solum
666 1219 826 1282 aerarium
854 1219 1000 1300 regium,
1021 1237 1141 1282 verum

190 1317 296 1382 etiarn
328 1318 492 1401 quicquid
518 1338 562 1382 ex
588 1337 708 1400 regno,
731 1319 960 1395 monasteriis,
977 1318 1142 1396 ecelesiis,

191 1435 399 1501 quacunque
413 1419 593 1482 occasione
611 1417 791 1482 corradere
814 1425 959 1501 poterat.
1013 1418 1142 1482 Praele-

193 1524 289 1581 cerat
304 1518 394 1581 enim
409 1517 554 1600 singulis
571 1517 758 1600 provinciis
775 1519 1003 1600 nequissimos
1026 1519 1141 1583 avari-

193 1617 251 1682 tiae
263 1637 340 1682 suae
353 1617 539 1694 ministros,
558 1619 619 1701 qui
636 1637 706 1682 nou
720 1616 855 1694 clerico,
872 1637 941 1682 non
955 1618 1057 1694 laico,
1073 1637 1142 1682 non

193 1715 355 1798 religioso
375 1724 559 1800 parcerent
576 1716 630 1782 vel
648 1717 829 1794 deferrent,
852 1719 1037 1802 quominus
1059 1737 1140 1782 can·

193 1817 324 1881 cellarii
345 1817 533 1882 commodis
552 1817 769 1893 inservirent,
785 1817 835 1881 sic
851 1819 940 1882 enim
965 1816 1142 1882 dicebatur

193 1935 273 1979 cum
296 1917 480 2001 episcopus
501 1924 604 1993 esset,
626 1925 662 1982 et
687 1917 841 2000 episcopi
864 1917 1003 1998 quidem
1024 1917 1060 1980 in
1080 1916 1142 1980 illo

193 2016 325 2080 nullum
349 2017 406 2080 vel
430 2016 593 2100 tepidum,
615 2016 812 2082 cancellarii
834 2035 917 2080 vero
936 2033 1059 2080 nomen
1081 2035 1143 2098 per

193 2117 394 2182 uuiversum
409 2124 483 2182 erat
501 2115 664 2200 Angliam
689 2117 825 2198 insigne
846 2122 951 2199 atque
970 2114 1141 2180 terribile:

193 2235 277 2280 sane
315 2216 447 2282 nobiles
480 2217 581 2299 regni
616 2224 652 2281 et
689 2217 875 2299 optimates
915 2216 1032 2298 plures
1062 2234 1142 2298 pro·

192 2316 401 2400 pinquarum
423 2337 577 2394 suarum,
598 2336 686 2399 quas
709 2335 754 2380 ex
780 2315 994 2381 Normanniu
1016 2315 1144 2380 multus

193 2423 394 2492 vocaverat,
428 2417 599 2500 conjugiis
636 2417 808 2481 devincire
840 2415 984 2482 curavit.
1054 2414 1143 2480 Cum

193 2516 775 2598 ergohoomodoastrinnisset‘sibi
785 2517 952 2581 nobilium
963 2516 1143 2599 plurimos

194 2622 339 2680 caeteros
350 2636 433 2681 vero
447 2617 503 2681 vel
518 2616 774 2699 confregisset*
786 2617 987 2691 terroribus
999 2614 1055 2679 vel
1070 2624 1144 2681 arte

194 2723 230 2779 et
247 2714 368 2780 officiis
389 2715 586 2796 delinisset3
610 2717 723 2781 solum
748 2724 863 2781 tamen
888 2716 1064 2780 metuebat
1081 2713 1105 2779 J
1108 2734 1144 2778 o·

194 2815 344 2879 hannem
371 2818 462 2898 regis
485 2817 639 2893 fratrem,
661 2823 782 2899 utpote
802 2816 903 2897 longe
919 2815 1146 2898 potentiorem

194 2916 343 2992 coeteris,
355 2923 390 2980 et
403 2924 580 2999 speratum
595 2916 694 2998 regni
707 2921 962 2980 successorem:
987 2914 1146 2997 denique,

195 3034 237 3078 ne
258 3035 342 3097 rege
364 3015 452 3081 forte
474 3035 617 3099 peregre
642 3016 820 3094 moriente,
839 3022 874 3080 et
894 3015 917 3078 J
920 3016 1056 3080 ohanne
1081 3016 1148 3079 rite

194 3114 413 3192 succedente,
447 3116 557 3199 ipsius
588 3116 765 3199 expiraret
794 3122 965 3199 potestas,
997 3122 1085 3188 arte,
1108 3120 1148 3177 ut

194 3214 333 3291 dicitur,
349 3215 520 3298 agendum
537 3215 685 3298 putavit,
702 3222 743 3279 ut
759 3213 782 3279 J
785 3214 938 3278 ohannes
949 3213 1023 3296 jam
1046 3211 1146 3278 udul-

193 3321 251 3377 tus
266 3334 335 3378 non
350 3316 563 3394 succederet,
577 3316 638 3380 sed
653 3335 715 3398 per
732 3332 967 3378 successorem
991 3318 1147 3375 tenerum

193 3412 291 3496 longi
309 3414 374 3477 sibi
389 3415 553 3498 temporis
571 3421 777 3498 potestatem
795 3418 947 3496 pararet.
1001 3411 1146 3474 Duobus
1160 3434 1298 3485 noema·

193 3512 303 3594 igitur
317 3513 483 3579 fratribus
497 3515 570 3579 suis
592 3514 636 3579 ad
658 3533 774 3596 regem
797 3512 978 3577 Scotorum
996 3510 1147 3586 directis,
1159 3485 1292 3626 ffiffi

194 3613 296 3694 petiit
325 3622 369 3677 ut
398 3614 594 3678 firmissimo
626 3615 692 3678 sibi
721 3613 849 3677 loedere
881 3611 1069 3677 cohaereret
1102 3610 1145 3674 ad
1160 3637 1242 3676 emmo.

194 3712 451 3795 praeficiendum
484 3734 591 3797 regno
616 3713 810 3796 Anglorum
835 3709 1042 3779 Arthurum²
1069 3711 1147 3776 Bri·

229 3919 379 3982 ¹Supplied
391 3917 454 3970 from
465 3921 629 3973 MS.Lunsd.
683 3927 765 3983 heoty
786 3921 850 3970 with
876 3920 1001 3982 Tanored,
1024 3919 1094 3981 King
1123 3918 1153 3967 ol

227 3990 283 4039 ’It
300 3996 369 4040 must
384 3990 447 4040 here
465 3991 497 4040 be
517 3989 659 4054 remarked,
684 3992 774 4052 Sicily,
792 3991 819 4039 in
842 3993 915 4051 1190,
933 3987 1082 4050 recognised
1098 3988 1148 4036 end

193 4059 249 4109 that
260 4064 303 4108 not
314 4060 374 4122 only
385 4075 440 4110 was
458 4062 661 4111 Prineehrthur
684 4059 832 4111 sanctioned
860 4058 901 4107 his
928 4057 996 4119 right
1024 4058 1050 4104 in
1078 4056 1149 4106 these
1196 4083 1199 4092 .

194 4130 236 4179 the
247 4130 388 4192 legitimate
406 4130 462 4179 heir
472 4137 498 4180 to
509 4131 661 4194 tholmone,
685 4129 837 4178 words:-“
844 4129 881 4176 Ut
891 4131 977 4176 autem
994 4139 1045 4187 pax
1060 4125 1110 4174 iste
1124 4132 1150 4176 et

193 4199 305 4248 bulthat
320 4200 432 4250 Richard
450 4201 560 4264 himself,
577 4202 603 4249 iu
620 4201 661 4250 his
685 4200 797 4249 fraterna
813 4197 927 4262 dilectio,
943 4195 1001 4248 tam'
1015 4196 1151 4258 multiplici
