3122 4982
378 569 382 576 Ι
426 509 597 557 wnnrnur
621 510 669 556 nn
691 509 976 558 uenirenuneu.
1106 495 1172 561 237

216 663 406 728 literaturae
436 683 571 748 magnae
601 673 637 728 et
670 665 837 729 bonitatis
871 664 1067 730 immenseer
1109 668 1169 748 qui
1224 687 1291 727 rein.

216 782 301 827 sano
334 763 596 845 adquiescentes
626 763 770 828 consilio
802 761 980 845 elegerunt
1014 785 1105 841 eum,
1132 773 1168 831 et
1196 737 1323 778 ⁵'⁰'¹²⁰⁷'

216 862 397 928 confestim
428 883 449 926 a
473 883 567 946 papa
591 862 814 927 confirmatus
840 872 904 939 est,
931 871 966 927 et
992 865 1062 929 cito
1088 873 1169 946 post
1180 829 1245 968 {ii}
1248 831 1326 919 181Ῑόοἰοο

216 960 461 1027 consecratus.1
525 961 615 1040 Quse
645 981 724 1026 cum
755 961 799 1027 ad
832 961 1044 1026 audientiam
1077 964 1169 1044 regis
1199 939 1246 980 ψ’

216 1061 347 1142 absque
369 1061 534 1126 diletione
555 1061 774 1125 devenissent
794 1063 954 1125 turbatus
971 1069 1037 1139 est,
1054 1070 1090 1125 et
1105 1081 1167 1126 ex-

216 1160 426 1224 candescens
456 1160 493 1223 in
522 1160 610 1224 irem
635 1159 714 1224 illos
742 1177 820 1223 mv.
847 1160 1034 1226 monachos
1061 1180 1168 1242 regno

217 1277 280 1322 suo
319 1266 487 1341 perpetuo
523 1259 736 1342 proscripsit,
782 1260 846 1322 sub
892 1278 998 1341 poena
1042 1261 1167 1341 capitis

215 1357 422 1422 interdicens
448 1359 498 1421 eis
520 1358 668 1422 reditum
689 1358 724 1421 in
751 1365 879 1422 terram
902 1377 1022 1422 suam:
1047 1378 1166 1422 mona·
1180 1377 1294 1426 metitur

217 1456 300 1520 chos
315 1458 420 1521 etiem
442 1465 588 1521 caeteros
603 1477 625 1521 a
640 1457 793 1522 claustro
815 1457 929 1541 ejecit,
947 1458 1166 1522 committens
1179 1438 1305 1528 lll'ffi,

218 1574 335 1619 curam
356 1556 511 1639 ejusdem
530 1555 654 1621 domus
674 1557 923 1622 mercatoribus
945 1557 1168 1622 Brabantinis
1223 1575 1230 1584 ·

218 1655 277 1735 qui
300 1655 548 1737 responderent
573 1655 605 1718 ei
631 1655 674 1718 de
700 1656 853 1719 exitibus
876 1656 1068 1735 universis;
1100 1675 1167 1720 cee-

217 1760 378 1834 terosque
393 1754 536 1818 clericos
551 1753 706 1837 ejusdem
729 1755 916 1836 provinciae
932 1756 1022 1820 male
1037 1762 1167 1820 tracto·

218 1853 279 1928 vit,
311 1860 347 1917 et
373 1853 551 1917 universos
577 1853 644 1916 Dei
674 1852 848 1917 ministros
879 1871 1006 1916 exosos
1036 1853 1168 1932 babuit,

218 1952 315 2015 nulla
342 1952 455 2016 flexus
484 1953 614 2033 pietate
646 1951 701 2016 vel
723 1951 968 2015 misericordia.
1031 1949 1168 2028 Quibus

217 2049 356 2114 domino
377 2071 479 2134 papae
497 2051 681 2126 nunciatis,
697 2051 836 2132 scripsit
858 2051 890 2112 ei
910 2068 1003 2132 papa
1019 2049 1169 2114 filialiter

218 2148 360 2230 hortans
375 2159 410 2214 et
421 2169 563 2214 monens
583 2151 657 2215 vice
672 2150 764 2214 trina
779 2156 819 2213 ut
830 2151 874 2212 ab
888 2149 1169 2231 oppressionibus

217 2246 428 2333 hujusmodi,
443 2250 649 2332 poenitentia
665 2248 803 2326 ductus,
820 2249 989 2327 resiliret;
1014 2247 1169 2330 alioquin

217 2347 338 2410 durius
353 2349 595 2430 procederetur
609 2349 644 2411 in
659 2367 748 2412 eum.
800 2347 850 2414 At
865 2347 924 2412 ille
935 2348 1169 2412 continuando
1190 2378 1251 2418 nn.
1263 2379 1319 2418 ure.

218 2466 368 2511 errorem
405 2448 572 2530 processit
605 2467 740 2530 semper
773 2446 816 2510 de
852 2447 943 2511 malo
977 2448 1012 2510 in
1047 2443 1298 2532 pejus323gffi

217 2549 472 2631 propterquod
497 2547 654 2611 dominus
681 2565 775 2629 papa
800 2547 1005 2610 sententiam
1029 2545 1250 2610 excom-M·

218 2646 458 2711 municationis
479 2645 560 2710 tulit
582 2646 618 2708 in
641 2665 732 2722 eum,
759 2651 794 2708 et
816 2645 852 2707 in
876 2663 994 2708 omnes
1018 2643 1170 2708 fautores

221 2743 307 2826 ejus,
326 2751 365 2808 et
390 2751 500 2809 totam
524 2751 652 2809 terram
667 2742 806 2825 Angliae
832 2742 1067 2807 ecclesiastico
1087 2761 1169 2824 sup·

218 2845 334 2923 posuit
368 2844 573 2908 interdicto:
614 2843 811 2925 incepitque
849 2842 914 2907 boc
954 2841 1170 2906 interdictum
1184 2869 1281 2920 rugum

219 2943 379 3022 generale
417 2962 440 3006 a
474 2944 586 3024 prima
621 2942 792 3006 dominica
822 2941 999 3006 Passionis
1030 2941 1172 3006 Domini
1183 2919 1303 3008 illidii?

219 3060 310 3104 anno
330 3041 484 3125 ejusdem
503 3057 667 3105 mecvm.
690 3059 768 3123 quae
790 3041 856 3104 fuit
877 3039 997 3104 eodem
1019 3058 1109 3104 anno
1131 3057 1171 3104 x.
1184 3019 1301 3108 {iiiiii

219 3137 386 3204 kalendas
407 3139 550 3223 Aprilis,
570 3147 606 3204 et
629 3139 770 3203 duravit
793 3157 856 3202 sex
882 3139 982 3201 annis
1003 3139 1173 3201 continuis

219 3246 255 3301 et
282 3259 352 3302 uno
377 3258 504 3318 mense,
530 3238 683 3320 nihilque
710 3238 815 3300 fiebat
846 3236 883 3299 in
911 3242 1034 3301 sancta
1062 3243 1173 3298 matre

219 3338 366 3401 ecclesia
380 3338 446 3402 nisi
464 3337 687 3420 parvulorum
700 3336 874 3418 baptisma
888 3342 924 3399 et
942 3333 1173 3397 confessiones

219 3436 457 3516 morientium
488 3455 634 3519 corpora
660 3443 775 3499 tamen
805 3453 922 3498 eorum
949 3439 1051 3496 extra
1076 3432 1172 3494 cimi-

220 3537 344 3598 terium
360 3536 497 3618 sepulta
511 3544 602 3608 srmt.
630 3534 677 3598 Et
693 3533 891 3597 memoriale
906 3532 971 3596 boc
983 3531 1058 3614 jam
1071 3530 1173 3595 durat

220 3635 255 3697 in
268 3634 402 3706 secula.¹
419 3687 420 3692 ,
436 3641 445 3668 ‘
459 3634 581 3718 Hujus
592 3631 626 3666 '²
641 3640 757 3697 autem
771 3632 944 3698 interdicti
959 3637 1173 3708 executores,
1187 3649 1331 3698 morienne·

220 3732 513 3798 Londonienscm³
532 3733 675 3810 scilicet,
692 3727 1030 3813 ‘wigorniensem,'⁴
1049 3738 1085 3794 et
1101 3729 1173 3793 Eli·
1186 3700 1311 3795 illidii:

257 3905 397 3970 'Langton
409 3923 463 3958 was
474 3907 638 3959 consecrated
650 3908 684 3968 by
710 3908 744 3968 1,
766 3907 864 3956 elected
890 3906 987 3970 Bishop
1014 3906 1043 3954 of
1062 3905 1176 3966 london,

221 3979 293 4046 Pope
302 3979 423 4027 Innocent
434 3983 460 4026 at
468 3979 574 4029 Viterbo
582 3993 614 4026 on
621 3978 686 4026 Sun—
709 3976 881 4036 Wednesdoy,
893 3974 1040 4036 September
1051 3977 1091 4034 16,
1102 3976 1177 4034 1198,

219 4047 499 4166 dai'dssiiteld'rffi
519 4115 576 4164 con
597 4115 660 4164 nrm
711 4041 1177 4164 iiwmoemdsunday'Mayffl'

254 4184 388 4239 'william
396 4187 429 4236 de
438 4153 532 4236 Sancte
538 4151 632 4246 Meris,
639 4151 687 4232 lor·
748 4182 757 4212 ⁴
775 4149 786 4210 r'
793 4177 1017 4242 wyntoniensem,'
1034 4179 1094 4228 MS.
1110 4179 1177 4230 coti.

221 4247 300 4318 merly
315 4261 441 4317 secretsry
453 4261 479 4304 to
493 4256 564 4316 King
575 4254 688 4304 Rieherd
712 4253 770 4300 Tib.
1072 4263 1076 4274 ¹
