3132 4988
402 443 468 508 336
778 453 988 502 canonicos

253 634 381 724 ff‘ssfflffl·
403 609 990 693 “Nonnepraedixitibiseditionem
1002 608 1351 692 populihujusl’'ad·

243 711 391 747 -“-“-·-’
398 710 554 793 jecitque
567 709 610 772 ad
623 709 709 786 haec,
720 714 743 743 “
751 709 955 774 confortare
967 715 1082 772 tamen
1094 715 1129 772 et
1140 709 1210 772 noli
1220 708 1351 782 timere,

403 809 567 891 quoniam
578 809 701 872 existo
715 827 849 871 veneno
866 827 934 870 non
950 807 1139 871 morieris.”
1171 807 1352 871 Vocantur

403 927 486 994 ergo
518 907 703 988 chirurgici
733 913 768 970 et
793 906 1043 969 medicamenta
1069 907 1263 989 imponunt,
1291 905 1351 967 sed

404 1013 484 1088 post
510 1006 584 1068 dies
608 1023 739 1086 paucos
762 1005 917 1068 videntes
940 1005 1178 1085 denigrescere
1200 1023 1350 1079 carnem,

404 1105 675 1168 mussitaverant
695 1105 784 1167 iuter
806 1122 856 1178 se,
877 1123 939 1166 nec
964 1109 1039 1166 erat
1063 1103 1136 1166 ulla
1161 1103 1285 1167 laetitia
1315 1104 1350 1164 in

405 1204 534 1287 populo
549 1222 632 1276 suo;
651 1201 742 1284 quod
755 1202 813 1265 ille
824 1201 1038 1284 perpendens
1049 1201 1137 1265 dixit
1146 1202 1207 1278 eis,
1224 1200 1351 1279 “Quid

405 1309 459 1367 est
476 1301 567 1384 quod
583 1301 787 1376 mussitatis,
803 1319 915 1364 nonne
932 1301 1047 1363 sanari
1064 1304 1229 1381 possuml
1248 1299 1351 1364 dicite

406 1401 500 1476 mihi,
512 1420 576 1464 nec
593 1400 742 1463 timeatis
754 1399 786 1462 :”
810 1406 844 1462 et
859 1399 909 1461 ait
930 1418 1032 1475 unus,
1049 1400 1187 1463 natione
1201 1397 1350 1481 Anglus,

406 1504 429 1534 “
440 1498 563 1563 Curari
573 1504 582 1532 ‘
593 1497 714 1580 potes'¹
729 1499 789 1560 sed
805 1503 942 1579 oportet
953 1505 989 1561 16
1000 1498 1087 1561 dura
1098 1497 1172 1579 pati
1185 1493 1213 1562 :'’
1228 1505 1263 1561 61
1279 1498 1349 1573 1116,

406 1597 476 1661 “Si
491 1615 616 1679 passus
629 1597 765 1678 quidem
780 1596 877 1660 fuero
895 1597 1060 1677 numquid
1075 1596 1258 1660 sanitatem
1269 1615 1349 1678 pro-

405 1696 566 1759 mittisl''
590 1702 624 1758 61
639 1696 700 1772 611,
716 1700 739 1730 “
752 1695 923 1758 Promitto
937 1694 1085 1776 quidem,
1101 1703 1137 1758 61
1157 1697 1221 1758 sub
1246 1714 1350 1778 poena

406 1795 530 1876 capitis
549 1795 615 1858 mei
626 1817 633 1856 :
643 1795 664 1820 ''
688 1801 723 1858 et
736 1794 798 1870 ait,
820 1799 843 1829 “
854 1792 1041 1857 Committo
1059 1814 1142 1874 ergo
1157 1814 1212 1858 me
1227 1795 1298 1868 tibi,
1314 1801 1351 1857 et

406 1898 551 1957 ‘exerce
564 1893 590 1928 '⁹
615 1912 830 1974 quaecunque
845 1893 994 1956 volueris
1008 1893 1046 1971 ;'’
1061 1900 1095 1956 61
1116 1893 1185 1969 1116,
1204 1899 1227 1928 “
1241 1893 1348 1956 Num-

406 1993 489 2074 quid
515 1999 596 2054 sunt
620 1993 728 2074 aliqui
754 2011 799 2056 ex
823 1993 1044 2072 magnatibus
1070 1992 1139 2055 tuis
1165 1993 1200 2056 in
1226 1993 1349 2074 quibus

405 2090 549 2154 confidis
559 2090 602 2153 l”
615 2098 651 2154 at
666 2091 725 2154 ille
734 2090 923 2154 nominavit
936 2091 1063 2154 multos
1075 2110 1118 2153 ex
1132 2091 1352 2154 circumstan-

406 2191 521 2264 tibus;
546 2190 846 2253 circumsteterunt
863 2190 952 2252 enim
973 2208 1051 2252 oum
1069 2198 1249 2270 magnates
1274 2191 1350 2271 plu-

406 2288 483 2350 rimi
497 2307 574 2350 cum
596 2307 707 2351 uxore
727 2307 811 2351 sua:
837 2294 872 2351 61
893 2288 942 2350 611
961 2287 1096 2351 duobus
1114 2288 1224 2370 primo
1241 2289 1349 2364 nomi-¹

405 2387 508 2462 66116,
554 2386 691 2450 domino
734 2387 866 2450 scilicet
914 2386 1104 2450 Edmundo'
1134 2393 1170 2450 61
1214 2388 1350 2450 domino

405 2483 558 2548 Johanui
587 2485 629 2547 de
661 2484 787 2568 Vescy,
819 2482 1029 2566 “Numquid
1056 2491 1092 2548 61
1119 2505 1183 2549 vos
1207 2485 1351 2566 diligitis

405 2583 581 2646 dominum
602 2582 802 2648 vestrums’
829 2591 864 2646 61
889 2583 1050 2646 dixerunt
1075 2588 1098 2616 “
1112 2583 1290 2665 Utique:'’
1317 2591 1352 2646 61

407 2683 469 2758 ait,
491 2681 656 2747 “Tollite
680 2701 762 2762 ergo
778 2681 953 2743 mulierem
976 2681 1064 2744 hanc
1090 2689 1125 2744 ct
1151 2702 1219 2745 non
1233 2683 1351 2746 videat

407 2799 482 2843 eam
500 2780 657 2843 dominus
673 2780 749 2862 ejus
767 2797 947 2861 quousque
963 2779 1083 2843 dixero
1102 2781 1199 2843 vobis
1210 2806 1218 2854 ;
1228 2780 1248 2805 '³
1263 2782 1348 2843 tule-

407 2885 488 2939 runt
503 2896 585 2957 ergo
599 2895 674 2939 eam
693 2877 829 2940 flentem
846 2885 880 2939 et
895 2876 1101 2960 ejulantem
1125 2885 1158 2941 61
1175 2878 1348 2956 dixerunt,

409 2981 432 3010 “
445 2974 540 3052 Sine,
561 2974 711 3051 domina,
734 2975 855 3038 melius
875 2983 928 3038 est
955 2976 1047 3056 quod
1060 2984 1099 3040 tu
1120 2975 1273 3040 effundas
1295 2977 1348 3041 la·

409 3073 569 3156 chrymas
584 3093 687 3156 quam
703 3074 795 3155 quod
810 3073 1042 3158 lachrymetur
1057 3081 1133 3138 tota
1147 3082 1238 3139 terra
1253 3074 1350 3158 Ang-

410 3173 575 3251 licana;”
602 3191 703 3236 mane
726 3179 842 3236 autem
868 3171 961 3236 sacto
990 3173 1110 3237 incidit
1136 3172 1350 3254 denigratam

410 3261 547 3336 carnem
572 3270 704 3335 brachii
726 3271 780 3333 sui
809 3279 845 3334 et
870 3270 1015 3353 projecit
1044 3291 1086 3334 ex
1113 3279 1209 3351 t0t03
1233 3281 1270 3336 et
1290 3275 1351 3351 ait,

411 3377 432 3405 “
445 3369 662 3446 confortare,
687 3371 849 3452 quoniam
875 3371 1039 3452 promitto
1061 3371 1125 3433 tibi
1150 3371 1242 3453 quod
1261 3371 1351 3436 infra

412 3485 476 3534 xv.
502 3468 576 3533 dies
606 3468 840 3532 manifestabis
865 3475 958 3532 1661
983 3487 1110 3548 equum
1137 3470 1351 3534 ascendes:”

410 3569 590 3648 tenuitque
602 3567 693 3648 quod
708 3567 877 3648 promisit,
888 3574 924 3630 et
934 3567 1093 3631 admirati
1101 3569 1352 3631 suntuniversi.

412 3665 568 3746 Cumque
578 3667 749 3729 diceretur
759 3665 823 3729 hoc
835 3684 961 3746 magno
971 3665 1133 3742 Soldano,
1144 3666 1352 3729 Edwardum

410 3762 543 3825 scilicet
567 3783 642 3826 esse
668 3765 900 3843 superstitem,
924 3765 984 3827 vix
1011 3764 1112 3826 fidem
1136 3765 1301 3842 adhibuit,
1318 3772 1354 3828 et

410 3861 552 3924 mittens
567 3880 611 3924 ex
628 3861 700 3924 suis
720 3868 790 3924 tres
809 3862 981 3944 principes
997 3881 1155 3944 magnos
1172 3865 1356 3927 excusavit

409 3979 459 4037 se,
487 3959 570 4024 deos
598 3979 680 4023 suos
704 3967 873 4024 attestans
898 3961 990 4042 quod
1017 3980 1077 4042 per
1100 3981 1139 4024 se
1165 3961 1222 4049 vel
1242 3962 1351 4043 ipsius

447 4181 453 4210 ¹
470 4186 478 4212 ‘
491 4187 593 4246 quidem
605 4185 695 4247 potes,'
706 4185 764 4235 MS.
777 4185 871 4234 Lansd.
886 4182 890 4243 Ι
922 4183 932 4212 ¹
949 4184 1082 4248 ‘exterse,’
1093 4185 1152 4236 MS.
1165 4185 1259 4235 Lansd.
