3132 4996
410 423 454 487 32
782 438 991 486 canourcou

260 616 354 656 waram
362 617 392 657 11.
409 595 628 660 ecclesiarum
654 595 786 670 dantes,
813 601 848 660 et
870 613 988 657 omnes
1006 613 1065 658 eas
1088 595 1295 676 accipientes
1317 597 1361 660 de

261 668 391 706 ΔΝΜ
410 697 566 759 manibus
605 695 791 771 laicorum;
830 694 1139 758 excommunicavit
1168 695 1271 758 etiam
1301 715 1360 758 eos

409 795 469 876 qui
498 815 560 877 pro
584 793 823 857 ecclesiasticis
846 793 1031 857 honoribus
1059 792 1225 857 laicorum
1251 795 1360 858 bomi-

409 913 470 957 nes
500 894 597 970 fiunt,
623 893 751 968 dicens,
778 893 870 975 quod
896 911 1029 967 manus,
1060 893 1199 974 quaein
1228 901 1360 957 tantam

409 994 627 1056 eminentiam
653 999 881 1056 excreverunt
910 998 949 1055 ut
978 991 1070 1073 quod
1099 991 1185 1054 nulli
1219 992 1359 1073 angelo·

409 1111 485 1155 rum
509 1111 708 1156 concessum
730 1099 785 1155 est
808 1092 921 1155 Deum
948 1097 1073 1154 cuncta
1098 1097 1270 1154 creantem
1295 1111 1358 1156 suo

408 1191 586 1273 signaculo
618 1197 746 1266 creent,
776 1197 811 1254 et
844 1188 988 1252 eundem
1020 1190 1132 1271 ipsum
1156 1209 1219 1272 pro
1247 1190 1359 1256 salute

411 1291 515 1353 totius
532 1290 649 1353 mundi
658 1290 725 1352 Dei
739 1289 848 1370 patris
861 1289 1038 1352 obtutibus
1053 1287 1208 1364 offerant,
1220 1289 1256 1350 in
1270 1289 1358 1354 hanc

411 1388 587 1469 ignaviam
619 1388 673 1453 vel
702 1373 884 1451 stultitiam
913 1407 982 1450 non
1011 1388 1133 1450 debere
1161 1387 1295 1451 detrudi
1322 1396 1361 1453 ut

409 1488 542 1551 ancillae
565 1488 649 1552 fiant
671 1506 789 1550 earum
811 1505 973 1549 mannum
988 1505 1066 1567 quae
1088 1487 1208 1550 diebus
1228 1495 1263 1551 et
1277 1507 1358 1552 noc-

411 1586 503 1650 tibus
529 1587 700 1670 obscoenis
723 1587 936 1648 contactibus
961 1585 1195 1666 inquinantur,
1210 1593 1245 1648 et
1267 1588 1357 1669 rapi-

410 1686 462 1748 nis
476 1693 511 1749 et
525 1685 646 1768 injusti
659 1685 835 1766 sanguinis
847 1684 1009 1772 effusione
1024 1685 1222 1748 multotiens
1232 1685 1359 1753 additae

408 1785 635 1850 maculantur.
688 1784 734 1847 Et
763 1783 1015 1846 conclamatum
1046 1791 1099 1847 est
1128 1785 1172 1846 ab
1201 1785 1357 1849 omnibus

249 1903 351 1942 neuros
408 1888 430 1916 “
447 1883 536 1959 Fiat,
553 1883 614 1958 fiat
627 1884 634 1946 i
647 1883 667 1908 ”
720 1882 852 1947 Eodem
867 1901 957 1946 anno
980 1871 1069 1946 idem
1086 1881 1250 1946 Urbanus
1266 1903 1358 1968 papa

247 1953 390 2002 mmm
408 1981 514 2062 obiit,¹
532 1983 588 2046 cni
603 1982 769 2046 successit
785 1979 1019 2045 Paschasius.²

431 2197 582 2276 Quomodo
602 2197 782 2262 Aosolmoon
802 2196 1053 2261 Contoom'oosom
1069 2196 1342 2283 Aroliopieoopwm

750 2318 752 2323 ·
776 2295 890 2380 ojooitc
908 2295 1017 2360 Tarra.

249 2433 378 2475 aaron.
460 2409 563 2473 Anno
585 2410 724 2475 Domini
748 2428 820 2475 uo.
843 2430 906 2474 rex
927 2410 1125 2475 Willelmus
1149 2410 1358 2495 prolongans

409 2510 625 2591 iniquitatem
651 2510 726 2585 sibi,
752 2518 788 2574 et
817 2511 853 2573 iu
878 2510 1021 2572 exitium
1042 2511 1216 2591 proprium
1239 2520 1359 2576 contra

409 2609 585 2672 stimulum
599 2609 792 2684 calcitrans,
810 2609 1038 2672 venerabilem
1053 2607 1254 2674 Anselmum
1267 2610 1357 2675 Can-

410 2710 618 2772 tuariensem
643 2709 947 2791 archiepiscopum,
974 2709 1087 2790 ipsum
1117 2728 1194 2772 cum
1224 2709 1357 2773 modes·

410 2809 459 2870 tia
483 2808 731 2890 corripientem,
755 2816 789 2871 et
811 2808 964 2871 enormia
993 2826 1071 2889 quae
1096 2809 1139 2870 ab
1168 2828 1209 2871 eo
1236 2817 1270 2872 et
1294 2811 1358 2874 sub

411 2926 452 2969 eo
475 2909 682 2988 gerebantur
701 2908 869 2987 corrigere
882 2906 1066 2984 volentem,
1081 2907 1263 2988 impatiens
1289 2928 1358 2971 non

249 3023 390 3092 consuetae
412 3005 564 3088 pertulit,
588 3006 647 3069 sed
671 3006 858 3088 spoliatum
882 3007 986 3072 rebus
1008 3005 1079 3069 fere
1103 3007 1260 3070 omnibus
1279 3014 1357 3072 tan·

247 3075 384 3174 {lilim
412 3124 517 3188 quam
542 3125 648 3187 regno
672 3106 879 3169 contrarium
899 3106 943 3168 ab
966 3103 1096 3186 Anglia
1117 3106 1358 3187 proscribendo

412 3205 574 3287 expulit3
612 3205 839 3287 apparuitque
884 3203 1143 3272 succedentibus
1186 3207 1359 3287 prosperis

413 3305 525 3387 qualis
559 3305 651 3387 apud
680 3325 718 3368 se
745 3303 905 3368 latuisset
938 3303 1020 3366 dum
1048 3311 1260 3385 premeretur
1298 3305 1358 3368 ad·

413 3405 532 3480 versis,
559 3405 660 3469 bomo
688 3423 820 3480 vecors,
847 3409 882 3466 et
911 3403 1108 3466 inconstans
1137 3403 1173 3465 in
1201 3404 1358 3474 omnibus

413 3505 478 3568 viis
492 3506 576 3582 suis,
595 3505 671 3568 Deo
694 3504 886 3578 indevotus
902 3508 937 3565 et
955 3501 1108 3564 ecclesiae
1128 3503 1256 3582 gravis,
1271 3523 1358 3585 nup·

416 3603 540 3665 tiarum
573 3602 746 3666 consortia
774 3619 950 3683 spernens,
981 3608 1016 3664 et
1046 3599 1233 3683 ‘passim'³
1258 3602 1357 3665 lasci-

413 3701 522 3776 viens,
537 3721 621 3782 opes
643 3701 741 3780 regni
763 3700 882 3762 sitiens
908 3711 943 3763 et
966 3699 1122 3764 fortunas
1145 3701 1359 3766 subditorum

414 3799 608 3875 corrodens
645 3799 889 3864 immanissima
927 3800 1090 3881 super-bia
1122 3801 1293 3881 turgidus
1325 3809 1360 3866 et

449 4030 547 4092 ¹Pope
576 4030 664 4078 Urban
693 4030 731 4080 ΙΙ.
754 4030 815 4079 died
841 4046 874 4079 on
899 4031 1084 4092 Augustltth,
1094 4033 1129 4092 by
1140 4031 1183 4080 the
1194 4034 1249 4081 title
1261 4033 1289 4082 oi
1298 4034 1361 4082 Pas·

414 4101 519 4162 Friday‚
530 4101 593 4162 July
605 4100 674 4150 aoth.
899 4101 958 4150 chal
969 4101 1007 4150 ΙΙ.

450 4171 460 4200 ²
474 4171 578 4233 Rainer,
588 4171 673 4218 Abbot
683 4169 713 4219 oi
723 4170 749 4218 S.
762 4170 883 4222 Ioreuzo'

413 4239 479 4288 luori
494 4241 518 4287 le
532 4255 613 4302 mura,
624 4239 721 4289 elected
738 4240 874 4302 Saturday,
935 4237 946 4270 ³
963 4240 1104 4303 ‘sparsim'
1117 4241 1174 4290 MS.
1187 4240 1255 4290 Gott.
1267 4241 1324 4291 Tib.
