3134 4990
419 488 591 537 wanrunr
615 491 663 536 na
686 489 968 538 uuurnonunorr.
1107 479 1173 542 253

216 645 393 710 bominum
409 645 442 708 :¹⁹
465 645 522 709 cui
550 643 709 709 ‘abbas'¹
737 645 807 723 ille,
834 651 856 680 “
867 644 1005 710 Vellem
1032 648 1169 730 quidem
1226 671 1291 712 rann.

216 745 293 821 boc,
314 745 441 822 filimi,
458 764 528 808 non
553 751 671 809 tamen
697 743 780 808 licet
806 745 843 807 in
869 764 1051 829 personam
1078 720 1332 830 regisQ

215 863 355 909 manum
372 843 593 908 extendere.’'
647 843 824 908 Processit
838 844 959 926 itaque
983 865 1172 912 conversus

215 950 252 1007 et
268 943 349 1010 tulit
370 961 459 1026 pyra
479 960 584 1019 nova,
599 943 725 1025 quibus
747 943 859 1025 ipsum
879 964 997 1026 regern
1023 945 1172 1010 libenter

215 1042 310 1107 vesci
335 1043 480 1119 sciebat,
506 1043 738 1124 apposuitque
761 1060 931 1106 venenum
950 1044 987 1107 in
1013 1044 1172 1126 singulis,

216 1148 345 1223 praeter
362 1141 431 1206 tria
444 1160 523 1222 quae
547 1159 625 1203 cum
648 1140 783 1204 caeteris
798 1143 950 1223 reposita
966 1144 1096 1224 optime
1111 1144 1171 1208 de-

217 1241 375 1316 notabat,
401 1240 553 1321 dumque
581 1259 644 1302 rex
666 1238 802 1304 sederet
824 1240 860 1302 in
884 1260 1005 1305 mensa
1029 1243 1065 1306 et
1089 1262 1172 1306 con-

215 1338 431 1403 fabularetur
451 1358 530 1402 eum
553 1338 626 1401 suis
651 1338 687 1401 in
713 1336 767 1400 bis
793 1358 871 1420 quaa
894 1340 1102 1416 acciderant,
1118 1360 1172 1405 ae·

216 1445 317 1520 cepto
332 1457 403 1502 uno
417 1457 507 1520 pane
517 1456 587 1500 non
602 1436 740 1518 quidem
752 1443 793 1500 ut
810 1438 1017 1502 dominicam
1035 1458 1171 1503 coenam

218 1537 361 1612 faceret,
376 1536 436 1600 sed
457 1544 497 1601 ut
520 1535 557 1598 in
581 1535 767 1617 perniciem
794 1554 893 1599 suam
915 1537 1116 1620 loqueretur
1137 1546 1174 1603 et

219 1641 375 1711 mortem,
394 1636 557 1717 quaesivit
583 1653 605 1696 a
627 1633 791 1698 ministris
811 1637 934 1716 quanti
958 1643 1049 1700 esset
1070 1637 1174 1718 pretii

219 1735 319 1815 panis
335 1735 407 1810 ille,
422 1734 452 1797 si
470 1733 660 1798 venditioni
678 1733 892 1813 traderetur;
916 1740 970 1798 ‘at
984 1733 1048 1811 illi,
1063 1741 1087 1770 “
1098 1735 1173 1800 Va-

217 1832 340 1909 leret,'’
366 1833 540 1915 inquiunt,
568 1831 737 1896 “obolum
748 1829 822 1895 :’'’²
850 1840 886 1897 et
912 1833 983 1910 ille,
1010 1832 1172 1911 “Vere’'

218 1931 345 2014 inquit,
362 1931 558 1995 “fertilitas
577 1929 647 1994 ista
664 1929 819 1995 maxima
835 1931 917 1996 fecit
928 1931 1004 2015 jam
1025 1933 1173 1997 barones

220 2050 315 2095 meos
330 2038 366 2095 et
381 2031 549 2114 populum
576 2048 689 2094 meum
715 2031 893 2112 insurgere
919 2031 955 2094 in
979 2025 1034 2094 me
1047 2051 1173 2111 ;*nune

221 2136 337 2194 autem
375 2130 406 2192 si
443 2149 507 2213 per
538 2146 666 2192 annum
703 2129 876 2210 integrum
914 2130 1057 2194 comites
1090 2131 1173 2194 mibi

221 2228 351 2293 tuerint
369 2229 444 2293 vita
460 2236 497 2293 et
521 2228 617 2291 salus
644 2227 768 2291 faciam
796 2227 912 2292 valere
938 2248 1063 2311 panem
1086 2231 1175 2295 tanti

191 2377 193 2380 .
220 2327 383 2410 ponderis
407 2344 475 2393 xu.
498 2327 654 2391 obolos.'’
700 2327 746 2392 Et
761 2327 985 2393 scandalizati
1006 2336 1089 2392 sunt
1110 2328 1174 2392 mi-

221 2427 322 2492 nistri
338 2427 413 2511 ejus
428 2427 464 2490 in
481 2426 586 2491 verbo
602 2426 672 2491 isto
695 2433 731 2490 et
754 2427 1016 2492 retrocedebant
1032 2427 1173 2510 quidam
1203 2463 1207 2471 ·

221 2545 339 2590 eorum
380 2525 603 2609 conjurantes
638 2545 718 2589 eum
750 2544 917 2590 converso
954 2527 990 2590 in
1028 2533 1173 2590 mortem

220 2625 343 2707 ipsius.
390 2624 498 2690 Venit
513 2624 632 2707 itaque
647 2643 835 2688 conversus
857 2625 916 2688 ille
941 2632 977 2689 et
997 2625 1172 2708 applausit

221 2724 308 2805 regi,
323 2725 415 2789 sicut
429 2731 464 2788 et
479 2723 566 2787 alias
582 2723 696 2787 facere
710 2732 949 2800 consueverat,
965 2731 1001 2788 et
1022 2724 1111 2788 dixit
1129 2724 1172 2800 ei,

221 2829 243 2857 “
258 2822 424 2888 Placetne
441 2823 518 2899 tibi,
536 2821 567 2886 Ο
584 2842 658 2899 rex,
685 2823 865 2887 comedere
881 2821 924 2886 de
950 2822 1066 2888 fructu
1096 2842 1172 2886 meo

224 2941 314 2986 novo
328 2922 361 2986 :”
385 2927 408 2957 “
420 2921 577 2997 Placet,”
593 2920 719 3002 inquit,
736 2927 759 2956 “
771 2921 872 2997 vade,
888 2928 922 2986 et
937 2921 1055 2985 affer.''
1100 2921 1172 2984 Tu·

221 3020 330 3102 litque
347 3027 545 3103 praeparata
570 3039 658 3102 pyra
673 3027 709 3084 et
725 3021 847 3084 statuit
877 3039 919 3084 ea
942 3039 1057 3085 coram
1079 3038 1171 3102 rege.

222 3119 382 3202 Moxque
407 3118 541 3202 lapides
557 3118 699 3200 pretiosi
722 3119 782 3201 qui
806 3137 921 3183 eoram
940 3138 1022 3200 rege
1035 3118 1174 3183 fueraut

220 3217 256 3280 in
289 3218 451 3282 sudorem
481 3217 715 3283 vertebantur.
781 3218 828 3281 Et
854 3218 905 3281 ait
935 3236 1011 3294 rex,
1043 3222 1065 3250 “
1078 3215 1172 3295 Quid

222 3317 386 3393 attulisti,
407 3318 527 3394 frater,
551 3315 719 3398 numquid
741 3335 909 3380 venenum
936 3314 1173 3396 porrexistit”

224 3416 348 3492 atille,
366 3420 390 3450 ‘⁸
404 3415 487 3479 Non
503 3435 685 3492 venenum,
702 3414 733 3477 0
752 3434 827 3491 rex,
841 3414 901 3477 sed
918 3413 1067 3478 fructum
1083 3414 1173 3496 opti·

221 3533 316 3578 mum
330 3515 363 3579 :⁵⁹
391 3521 427 3578 et
453 3534 527 3592 rex,
553 3513 771 3588 “comede'’
802 3513 925 3595 inquit,
954 3511 1173 3576 “defructu

221 3613 328 3677 tuo:'’
351 3631 503 3695 moxque
527 3613 743 3695 apprehenso
767 3631 836 3676 uno
852 3631 897 3675 ex
913 3612 1008 3694 pyris
1026 3610 1174 3692 cognitis

222 3712 372 3776 comedit
400 3731 584 3794 saporose:
620 3719 656 3775 et
687 3729 762 3787 rex,
794 3716 816 3745 “
830 3709 1015 3789 Comede,''
1049 3711 1174 3793 inquit,

221 3817 290 3876 “et
307 3810 455 3875 alterum
469 3811 501 3889 ;''
524 3818 560 3875 et
583 3809 753 3882 comedit;
778 3807 946 3886 “Adde”
963 3809 1088 3892 inquit,
1107 3815 1175 3872 “et

220 3908 361 3974 tertium
375 3909 411 3982 ;''
438 3917 473 3974 et
500 3908 583 3973 feeit
610 3909 672 3972 sic.
727 3906 803 3971 Nee
828 3907 973 3972 ulterius
999 3907 1175 3990 sepotuit
1188 3923 1310 3964 aalma

258 4107 436 4159 'Omittedin
449 4108 526 4159 MSS.
536 4107 682 4160 Collrirm.
749 4105 784 4136 ¹‘
796 4105 847 4155 cm
885 4106 1000 4155 minister
1037 4106 1177 4169 respondit,

219 4179 271 4228 aud
284 4178 352 4231 cort
363 4179 423 4229 Tib.
712 4174 937 4294 fflffitineflalet
954 4175 1099 4238 obolum‚'''
1118 4175 1175 4226 Me.
