3128 4992
411 479 455 542 56
777 493 986 540 onnomoou

263 669 385 760 A⁸¹3hiiis
413 652 552 716 suntin
576 650 753 732 Angliam,
780 657 815 712 et
845 650 936 712 intra
963 647 1093 712 Natale
1124 649 1264 712 Domini
1293 665 1360 712 xri.

251 747 470 814 -'-'-·'‘die
495 751 640 833 sepultae
663 758 745 814 sunt
767 749 859 831 apud
874 747 1070 830 Redinges;
1099 768 1203 831 quam
1226 749 1363 831 quidem

415 849 553 914 domum
576 869 639 913 rex
654 851 728 931 ipse
746 848 965 924 fundaverat,
983 855 1018 910 et
1032 848 1150 912 multis
1165 849 1269 911 etiam
1287 867 1363 911 eam

415 949 588 1014 ditaverat
610 948 883 1031 possessionibus
906 954 942 1012 et
964 947 1072 1012 donis.
1126 947 1236 1012 Porro
1261 948 1363 1011 homo

414 1048 554 1130 dloqui
582 1048 693 1131 pretio
720 1045 847 1128 magno
873 1047 1063 1111 conductus
1086 1049 1262 1112 cerebrum
1288 1047 1364 1130 ejus

415 1154 629 1220 extraxerat,
661 1147 883 1211 intolerantia
910 1145 1044 1210 foetoris
1075 1145 1235 1223 infectus,
1263 1147 1364 1228 quasi

415 1247 530 1311 subito
557 1247 731 1310 extinctus
754 1253 817 1310 est.
864 1244 947 1308 Non
975 1245 1067 1308 enim
1095 1246 1145 1309 sic
1171 1246 1295 1309 accidit
1320 1245 1363 1310 de

416 1365 559 1427 corpore
584 1345 718 1409 Helisei
743 1344 938 1427 prophetae3
973 1364 1053 1408 nam
1076 1363 1201 1428 corpus
1229 1343 1364 1408 Helisei

415 1445 552 1526 mortui¹
579 1444 768 1509 vivificavit
810 1451 993 1522 mortuum,
1035 1444 1136 1508 istius
1172 1465 1254 1508 vero
1288 1444 1362 1526 jam

416 1545 542 1607 mortui
566 1563 691 1626 corpus
708 1543 823 1607 vivum
849 1543 1080 1608 mortificavit.
1131 1543 1238 1608 Venit
1259 1545 1362 1607 etiam

415 1663 479 1707 rex
523 1643 718 1725 Stephanus
758 1643 849 1725 apud
890 1642 1046 1723 Redings
1079 1651 1201 1708 contra
1238 1663 1364 1725 corpus

414 1743 578 1807 avunculi
594 1743 659 1819 sui,
678 1751 713 1806 et
729 1742 916 1825 sepulturae
932 1741 1097 1807 interfuit.

667 1891 816 1956 Convertit
831 1891 899 1955 Rae
914 1889 1097 1976 redempta.
1170 1957 1179 1970 ⁸

252 2066 382 2106 A.1>.11³e.
465 2039 608 2123 Sepulto
643 2059 724 2122 rege
759 2039 925 2116 Henrioo,
959 2046 1000 2102 ut
1032 2038 1161 2104 dictum
1198 2047 1262 2116 est,
1300 2061 1363 2105 rex

417 2137 581 2204 ‘novus'¹
607 2140 687 2203 inde
709 2141 862 2222 perrexit
884 2158 995 2222 usque
1014 2138 1275 2216 oxenfordiam,
1291 2142 1362 2218 ubi,

253 2266 382 2306 curramus
417 2230 607 2303 convocato
639 2239 797 2316 concilio,
814 2239 1020 2303 ‘renovavit
1048 2236 1116 2303 et’²
1149 2239 1364 2306 confirmavit

251 2317 383 2406 inii⁸'⁰*
416 2344 520 2420 pacta
551 2357 629 2419 quae
656 2339 731 2402 Deo
758 2347 793 2402 et
818 2339 971 2402 ecclesiae
997 2338 1193 2420 populoque
1223 2359 1363 2403 conces·

416 2444 510 2501 serat
520 2437 575 2500 die
592 2438 823 2502 coronationis
833 2457 917 2515 snae,
933 2457 1012 2521 quae
1027 2446 1108 2501 sunt
1122 2438 1209 2501 haeo.
1246 2438 1363 2504 Primo

419 2535 538 2601 ‘vovit
553 2535 663 2600 Deo'³
686 2537 791 2618 quod,
806 2537 975 2602 defunctis
990 2537 1172 2620 episcopis,
1188 2557 1362 2620 nunquam

416 2637 580 2700 retineret
600 2636 761 2700 ecelesias
776 2637 812 2700 in
834 2656 937 2701 mann
962 2656 1038 2713 sna,
1056 2637 1116 2700 sed
1142 2637 1260 2701 statim
1275 2638 1362 2702 elec·

418 2736 504 2799 tioni
529 2736 744 2800 consentiens
767 2737 937 2820 episcopis
964 2756 1024 2800 eas
1047 2736 1244 2812 investiret3
1280 2739 1362 2801 item

417 2836 514 2898 vovit
535 2835 627 2916 quod
653 2835 892 2916 danegeldum,
916 2836 950 2900 id
976 2843 1030 2901 est
1053 2836 1139 2900 duos
1166 2836 1295 2900 solidos
1318 2838 1362 2900 ad

416 2933 544 3010 hidam,
567 2934 659 3017 quod
682 2943 917 3000 antecessores
945 2937 999 2999 sui
1026 2935 1181 3018 accipere
1205 2937 1363 3002 solebant

415 3033 561 3114 singulis
590 3035 701 3111 annis,
725 3035 760 3098 in
788 3043 954 3100 aetemum
982 3035 1203 3100 condonaret.
1256 3036 1364 3102 Plura

416 3133 520 3196 etiam
538 3133 646 3210 vovit,
663 3135 723 3198 sed
740 3153 853 3217 pauca
870 3135 991 3199 tenuit.

439 3280 601 3345 Scotorum
625 3281 693 3345 Rea
715 3281 793 3366 oepit
808 3281 992 3443 Kssmm
1012 3291 1041 3345 et
1054 3283 1181 3346 Nouum
1199 3284 1341 3347 Oestrruu

859 3380 943 3444 close.

468 3528 512 3592 In
546 3529 612 3592 fine
638 3527 779 3592 Natalis
810 3528 950 3592 Domini
977 3531 1173 3594 nuntiatum
1204 3539 1257 3594 est
1290 3533 1364 3612 regi

415 3625 592 3709 Stephano
630 3627 722 3708 apud
759 3626 1020 3707 Oxenfordiam,
1047 3638 1083 3694 et
1122 3631 1171 3694 sio
1209 3629 1361 3694 dictum:

416 3724 528 3788 “Rex
543 3725 724 3789 Scotorum
739 3726 905 3791 simulans
922 3747 959 3792 se
971 3729 1112 3811 pacifice
1125 3730 1239 3793 venire
1255 3731 1299 3794 ad
1317 3738 1362 3808 te,

415 3831 450 3887 et
476 3823 673 3906 hospitandi
705 3844 811 3889 causa
848 3827 884 3889 in
915 3827 1055 3892 Gardoil
1082 3838 1118 3893 et
1150 3831 1185 3893 in
1223 3829 1257 3892 N
1260 3849 1362 3893 ovum

415 3923 576 3988 Castrum
606 3925 812 4007 ingrediens,
845 3926 963 3992 dolose
1002 3929 1093 4010 cepit
1132 3937 1291 4010 utraque,
1327 3939 1364 3994 et

448 4166 454 4195 ¹
472 4169 580 4232 ‘nobis,’
592 4171 649 4220 MS.
663 4172 730 4222 Goll.
742 4172 813 4223 Arm.
935 4171 945 4202 ³
962 4174 1048 4222 ‘venit
1057 4173 1132 4236 dies,'
1143 4175 1200 4225 MS.
1213 4175 1279 4226 Goll.
1291 4176 1365 4228 Arm.

443 4235 453 4268 ²
472 4238 586 4288 Omitted
601 4241 628 4288 in
639 4241 696 4292 MS.
710 4243 803 4292 Lansd.
