3134 4990
398 459 465 528 218
771 467 981 518 esnorucon

249 651 373 692 aanor.
400 636 605 712 conceptum
633 627 783 692 fororem
806 644 870 708 pro
897 631 1053 706 tempore
1076 620 1361 704 suspenderunt3

236 702 385 766 Q
401 735 466 794 et
475 726 647 810 tempus'¹
663 745 733 808 quo
748 726 859 790 solent
883 741 983 804 reges
1001 723 1045 786 ad
1060 721 1152 786 bolla
1168 721 1362 802 procedere

400 828 631 894 mediantibus
666 825 861 890 induciis‘
879 819 1152 904 expectarent,
1189 821 1283 901 quod
1322 826 1362 882 et

401 927 532 992 iactum
548 933 610 992 est

670 1048 742 1110 Duo
758 1043 842 1110 Soles
856 1051 1083 1128 apponimus.

237 1238 341 1329 {unffi
455 1222 499 1286 In
520 1221 653 1288 octaris
680 1218 914 1293 Pentecostes,
937 1215 1024 1280 bora
1046 1215 1115 1281 diei
1140 1213 1265 1297 prima,
1292 1234 1358 1297 ap-

238 1339 375 1436 ammoy
404 1339 550 1404 paruere
571 1321 607 1384 in
628 1319 717 1383 coelo
740 1317 808 1380 duo
835 1315 938 1392 soles,
959 1314 1014 1380 sol
1035 1315 1166 1380 scilicet
1183 1333 1297 1388 verus,
1321 1323 1358 1378 et

238 1389 328 1477 urim
404 1420 493 1483 alius
515 1426 681 1500 tanquam
708 1414 874 1494 aemulus3
897 1433 961 1478 nec
997 1413 1097 1478 facile
1122 1413 1269 1478 discerni
1293 1433 1357 1494 po-

405 1524 494 1582 terat
516 1523 594 1580 uter
617 1516 754 1582 illorum
770 1521 862 1579 esset
886 1513 939 1578 sol
961 1531 1076 1590 verus,
1098 1512 1164 1576 nisi
1186 1531 1231 1576 cx
1252 1511 1356 1576 solite

405 1635 577 1698 processu.
630 1613 733 1692 Quod
753 1613 889 1694 signum
905 1631 943 1676 se
959 1612 1086 1676 uidisse
1102 1617 1250 1677 testatur
1264 1611 1355 1676 Wil-

403 1714 527 1780 lelmus
546 1713 590 1776 de
605 1712 837 1792 Novo-burgo
857 1713 893 1774 in
911 1729 976 1774 sua
992 1709 1182 1774 Chronica:
1207 1729 1356 1790 cumque

405 1813 562 1876 diuscule
577 1813 643 1876 boc
659 1812 797 1894 signum
810 1829 889 1874 cum
907 1809 984 1874 aliis
998 1809 1116 1873 multis
1132 1809 1356 1894 respexisset,

405 1913 544 1977 tandem
559 1910 704 1976 aemulus
718 1909 776 1976 ille
792 1909 865 1974 veri
882 1909 965 1972 solis
981 1907 1133 1973 evanuit.

484 2133 605 2198 Itonos
612 2139 685 2218 post
699 2130 853 2196 Iodacics
866 2128 1033 2195 maduit
1047 2127 1156 2193 Furor
1167 2149 1281 2193 rorum.

241 2321 396 2362 maruan
459 2300 593 2368 ‘Nec’³
620 2302 729 2366 multo
759 2307 839 2382 post
868 2300 1083 2364 induciarum
1110 2300 1249 2382 expleto
1272 2309 1360 2366 tem-

243 2372 351 2464 mn
362 2382 395 2411 ’θ’
408 2419 492 2483 pore
516 2401 640 2464 iterum
655 2406 817 2464 cruentus
840 2399 936 2462 firror
951 2399 1143 2481 principum
1157 2400 1359 2476 excanduit,

407 2500 490 2566 totis
518 2500 555 2563 in
578 2517 675 2564 arma
698 2498 829 2562 viribus
850 2499 981 2576 ruitur3
1003 2499 1084 2579 igne
1108 2497 1268 2580 ferroque
1294 2499 1358 2562 llo-

408 2605 523 2662 rentes
551 2597 737 2679 provinciar
762 2602 1045 2678 corrumpuntur3
1072 2603 1108 2660 et
1135 2616 1199 2660 rex
1220 2598 1358 2680 quidem

410 2698 622 2762 Francorum
649 2715 728 2759 cum
754 2695 826 2758 suis
847 2693 1096 2760 Albemarliam
1122 2695 1266 2771 obsedit,
1294 2716 1357 2760 rex

409 2814 493 2858 vero
502 2793 697 2876 Anglorum
707 2793 841 2858 obsedit
852 2800 1003 2860 castrum
1017 2792 1110 2874 quod
1126 2799 1136 2828 ‘
1150 2793 1358 2858 Nonancur-

409 2890 526 2958 tium'⁴
543 2892 680 2969 dicitur,
695 2891 777 2956 olim
794 2890 934 2974 quidem
946 2892 1001 2955 sui
1014 2892 1117 2976 juris,
1134 2911 1204 2972 quo
1224 2901 1360 2957 mature

408 2993 539 3073 potitus
577 2992 765 3071 rogabatur
797 3009 818 3054 a
853 2992 925 3054 suis
955 2997 994 3053 ut
1024 2990 1235 3056 obsidionem
1267 2992 1359 3072 regis

412 3090 625 3154 Francorum
646 3090 690 3154 de
711 3089 780 3154 alio
802 3096 917 3155 castro
934 3089 1095 3166 solveret,
1118 3089 1179 3153 sed
1201 3090 1360 3154 dissimu-

409 3189 496 3253 larit
520 3189 694 3253 conlidens
719 3189 762 3254 de
778 3188 905 3254 virtute
929 3206 1070 3254 suorum
1089 3188 1150 3270 qui
1179 3189 1360 3255 castellum

409 3289 586 3352 obsessum
606 3288 743 3369 egregie
764 3286 1003 3356 defendebant.
1055 3285 1252 3354 Conversus
1276 3307 1361 3368 ergo

410 3382 532 3450 ‘rex'⁵
548 3387 592 3450 ad
609 3386 870 3468 depopulandos
894 3385 980 3452 fines
1006 3384 1160 3462 hostiles,
1177 3388 1362 3467 satagebat

410 3485 543 3550 solicite
558 3487 688 3566 absque
711 3485 823 3550 mutui
848 3482 1024 3564 sanguinis
1049 3483 1244 3550 discrimine
1262 3504 1362 3549 aver-

410 3588 482 3648 tere
496 3585 729 3646 obsessorem:
749 3589 879 3647 atvero
892 3601 955 3646 rex
971 3581 1128 3646 Franciae
1139 3583 1363 3664 pertinaciter

409 3680 534 3760 coeptis
548 3681 709 3744 insistens
723 3699 802 3744 cum
829 3681 937 3745 multo
959 3680 1100 3745 tandem
1117 3682 1172 3744 sui
1188 3682 1362 3748 exercitus

449 3909 457 3940 ¹
473 3909 621 3972 ‘tempore,'
632 3911 690 3960 MS.
703 3909 771 3960 Cott.
781 3910 839 3959 Tib.
895 3911 981 3972 Arm.;
993 3912 1001 3940 ‘
1012 3910 1363 3970 Nonannturcis‚'MS.Gott.

447 3979 457 4009 ²
474 3980 621 4043 ‘extarent'
632 3979 709 4031 MSS.
721 3980 788 4030 Coll.
799 3980 871 4030 Arm.
895 3980 967 4040 Tib.;
982 3976 1187 4041 ‘Nonantnrtis,'
1197 3979 1256 4029 MS.
1266 3981 1364 4030 Lansd.

411 4053 463 4101 and
476 4051 543 4102 Cott.
553 4051 611 4100 Tib.
895 4049 971 4098 bodie
1000 4050 1177 4110 Nouencourt
1206 4063 1223 4098 a
1243 4054 1313 4098 town
1335 4050 1366 4098 of

446 4119 457 4150 ³
473 4120 559 4182 ‘Sed'
570 4120 626 4170 MS.
640 4119 707 4170 Gott.
715 4119 772 4168 Tib.
897 4119 1046 4178 Normandy
1060 4133 1092 4166 on
1103 4118 1146 4166 the
1157 4119 1226 4166 river
1236 4118 1316 4167 Eure.

448 4188 457 4216 ⁴
473 4189 689 4250 ‘Nonmtumyn’
718 4188 776 4236 MS.
805 4187 872 4238 Coll.
932 4187 942 4216 ⁵
959 4186 1159 4248 Suppliedtrom
1167 4187 1364 4236 MS.Gott.'l'ib.
