3132 4988
390 458 454 520 140
761 470 971 518 cnaourcon

243 651 335 695 mmm
345 649 363 688 1,
390 613 591 694 obsequium
617 633 653 675 se
676 621 841 694 praestare
865 611 942 675 Deo
965 610 1047 673 dum
1071 609 1259 691 spoliarent
1285 612 1339 674 vel

227 702 378 767 Q
390 713 570 796 perderent
596 712 748 775 homines
769 711 907 775 Christo
930 710 1094 784 rebelles;
1120 717 1155 773 et
1178 713 1340 791 agebant,

227 785 364 876 ll2⁸lll¹5.⁰‘
390 814 464 876 sine
490 813 708 876 conscientiae
734 810 907 892 scrupulo,
932 810 1032 872 hilari
1057 809 1171 872 lurore
1191 812 1339 892 propriae

389 912 588 994 cupiditatis
611 911 795 992 negotium.
848 910 949 974 Unde
969 908 1061 990 apud
1085 909 1239 972 Lennam
1258 930 1337 972 cou-

390 1013 469 1093 tigit
486 1011 655 1091 quendam
671 1030 716 1074 ex
733 1011 756 1074 J
759 1009 867 1073 udaeis
881 1009 955 1072 fieri
971 1007 1213 1087 Christianum,
1236 1028 1338 1090 quem

389 1118 554 1192 tanquam
595 1111 682 1192 legis
722 1110 1023 1192 praevaricatorem
1065 1107 1088 1170 J
1091 1107 1181 1171 udaei
1221 1128 1338 1189 prose·

390 1217 545 1291 quenteS,
563 1216 704 1291 captata
720 1209 979 1291 opportunitate
1001 1216 1036 1270 et
1060 1209 1207 1290 arreptis
1223 1210 1339 1286 armis,

388 1311 500 1390 ipsum
515 1310 671 1390 aggressi
686 1315 767 1371 sunt
783 1327 845 1390 per
860 1308 950 1371 viam
965 1315 1211 1384 transeuntem,
1233 1326 1335 1388 porro

387 1408 446 1471 ille
464 1409 499 1471 in
521 1407 700 1471 ecclesiam
716 1408 910 1489 proximam
928 1426 966 1470 se
985 1407 1126 1488 recepit,
1143 1413 1225 1470 ‘nec
1240 1409 1336 1487 quie-

388 1527 468 1571 vere
483 1492 664 1571 saevientes
676 1504 719 1580 ;’1
741 1506 801 1569 sed
817 1507 1016 1571 continuato
1028 1505 1141 1569 surore
1156 1513 1192 1569 et
1207 1507 1336 1588 impetu

387 1607 529 1670 eandem
565 1607 745 1670 ecclesiam
782 1625 983 1688 oppugnare
1020 1617 1218 1687 coeperunt:
1253 1626 1349 1693 mox·

387 1707 508 1787 ingens
529 1705 658 1769 clamor
673 1705 854 1780 attollitur,
870 1713 904 1769 et
920 1704 1152 1768 Christianum
1169 1706 1337 1768 auxilium

388 1807 519 1869 sonoris
534 1807 675 1868 vocibus
691 1804 880 1886 flagitatur.
935 1804 1074 1869 Clamor
1095 1823 1178 1885 ergo
1195 1805 1337 1868 etfama

389 1904 621 1969 Christianum
652 1905 820 1987 populum
853 1904 1066 1977 accenduut3
1104 1912 1139 1967 et
1168 1905 1338 1986 peregrini

384 2004 543 2088 juvenes,
571 2023 716 2086 quorum
745 2003 828 2067 illuc
860 2003 1044 2067 multitudo
1075 2023 1203 2084 magna
1232 2023 1336 2084 nego·

388 2105 497 2168 tiandi
523 2105 637 2184 gratia
663 2111 814 2179 venerat,
844 2103 969 2166 armati
994 2112 1191 2179 accurrunt,
1218 2123 1337 2184 super-

387 2205 450 2267 bos
465 2203 706 2284 belligerantes
721 2203 843 2266 fortius
857 2204 1071 2285 impetentes.
1109 2202 1132 2265 J
1134 2202 1225 2265 udaei
1242 2223 1337 2279 vero,

387 2322 466 2365 cum
490 2302 763 2366 Christianorum
788 2303 954 2384 impetum
975 2301 1064 2364 ferre
1089 2321 1158 2364 non
1182 2312 1338 2384 possent,

387 2401 504 2482 lugam
534 2401 693 2476 inierunt,
726 2402 825 2465 caesis
856 2403 892 2465 in
920 2400 1005 2483 suga
1033 2401 1175 2465 multis:
1214 2401 1336 2465 domus

386 2501 490 2565 etiam
527 2519 644 2563 eorum
686 2509 897 2582 expugnatae
931 2508 1035 2583 atque
1073 2500 1277 2583 exspoliatae
1314 2522 1337 2566 a

386 2599 603 2676 Christianis,
621 2599 768 2662 flammis
783 2599 920 2663 tandem
941 2601 1120 2663 ultricibus
1143 2601 1335 2683 conflagra-

385 2706 476 2762 runt.
529 2699 708 2780 Peregrini
729 2718 812 2762 vero
828 2699 976 2782 juvenes
996 2699 1114 2781 praeda
1135 2702 1261 2776 onusti,
1283 2721 1335 2764 re-

383 2798 501 2879 petitis
517 2798 674 2874 navibuS,
692 2817 735 2860 ne
753 2817 857 2878 quam
872 2797 961 2861 sorte
984 2818 1006 2862 a
1027 2799 1191 2863 ministris
1211 2801 1336 2881 ‘regiis

384 2899 593 2961 sustinerent
607 2897 843 2977 quaestionem,
860 2897 1016 2962 celeriter
1030 2899 1198 2962 abierrmt.
1251 2899 1336 2964 Loci

385 3015 465 3059 vero
495 2995 628 3072 incolae,
658 3015 735 3058 curn
765 3003 907 3078 propter
937 2996 1003 3060 hoc
1032 2996 1285 3062 discuterentur
1312 3020 1335 3064 a

383 3097 498 3176 regiis
525 3097 560 3158 in
590 3094 814 3177 peregrinos'²
840 3096 900 3178 qui
920 3096 996 3180 jam
1022 3098 1177 3161 abierant
1204 3098 1334 3163 factum

383 3195 592 3260 refuderunt.

545 3386 626 3449 Item
641 3385 729 3470 apud
745 3383 968 3468 Stansordwm
985 3384 1022 3449 de
1036 3385 1167 3450 Jodaea.

218 3551 367 3598 arsamus,
425 3533 513 3596 Post
548 3533 622 3596 baec
652 3534 744 3615 apud
780 3532 1012 3597 Stanfordiam
1048 3536 1130 3598 novi
1166 3534 1333 3599 adversus

219 3601 320 3641 ”mhi
381 3630 404 3693 J
408 3632 525 3694 udaeos
564 3633 709 3695 turbinis
746 3639 859 3695 motus
896 3633 1055 3698 surrexit.
1118 3633 1207 3698 Cum
1243 3635 1333 3698 enim

380 3729 505 3792 ibidem
536 3729 826 3812 quadragesimali
858 3738 1012 3815 tempore
1044 3732 1213 3797 solemnes
1244 3753 1331 3797 uun-

380 3828 469 3892 dinaa
490 3838 693 3911 agerentur;
716 3829 862 3912 juvenes
886 3833 946 3914 qui
968 3832 1105 3913 siguum
1125 3833 1332 3897 dominicum

379 3927 403 3992 J
406 3930 632 4013 erosolymam
658 3929 844 4011 profecturi
868 3940 1103 4014 susceperant,
1128 3952 1173 3996 ex
1189 3932 1334 3997 diversis

379 4031 563 4110 provinciis
582 4031 767 4106 venientes,
788 4030 1074 4115 indignantesque
1097 4033 1189 4115 quod
1204 4032 1332 4096 inimici

378 4195 603 4318 ng‘pppspmen
621 4199 659 4247 ¹¹¹³
674 4199 842 4261 lulefflunl'
904 4230 1043 4284 ’omues
1054 4235 1080 4284 n
1092 4234 1149 4284 us.
1162 4233 1228 4284 con.
1241 4233 1312 4284 nrm.
