3134 4990
403 475 469 540 266
775 492 984 539 curorucou

254 663 381 710 uenum-
404 647 479 729 ejus
517 648 628 728 plenae
666 649 780 710 aetatis
819 647 922 710 fuerit
952 652 987 708 et
1024 644 1190 707 relevium
1219 644 1355 718 debeat,

243 712 381 840 ,¹2:²²5
404 743 530 809 habeat
547 746 782 810 haereditatem
797 763 895 808 suam
910 765 972 826 per
983 744 1164 823 antiquum
1175 743 1356 816 relevium,

240 844 324 881 CM*
405 844 536 907 scilicet
564 845 674 907 haeres
706 845 761 908 vel
790 843 944 907 haeredes
964 842 1099 904 comitis
1124 841 1167 904 de
1190 842 1354 904 ‘baronia

405 943 539 1005 comitis
561 943 733 1022 integra'1
762 962 823 1024 per
853 949 991 1004 centum
1016 941 1142 1018 libras3
1172 939 1281 1002 haeres
1298 941 1353 1003 vel

404 1040 557 1104 baeredes
582 1043 720 1105 baronis
745 1042 787 1103 de
811 1041 954 1103 baronia
975 1039 1111 1119 integra
1133 1058 1194 1119 per
1214 1046 1354 1101 centum
1389 1048 1408 1102 5

404 1138 595 1218 ‘libras3’2
632 1141 742 1203 haeres
771 1140 827 1203 vel
856 1137 1010 1201 haeredes
1040 1137 1158 1200 militis
1184 1136 1227 1199 de
1252 1137 1354 1200 feodo

404 1238 520 1301 militis
535 1239 669 1318 integro
685 1245 900 1319 parcentum
921 1236 1050 1299 solidos
1071 1235 1115 1298 ad
1135 1236 1226 1316 plus,
1242 1243 1276 1298 et
1293 1237 1354 1317 qui

403 1337 516 1398 minus
533 1335 734 1400 ‘debuerit'³
749 1337 861 1398 minus
876 1335 946 1410 det,
964 1334 1152 1397 secundum
1174 1335 1354 1414 antiquam

402 1436 681 1504 consuetudinem
698 1434 884 1499 feodorum.
931 1433 969 1496 Si
983 1441 1099 1496 autem
1119 1432 1228 1494 haeres
1245 1433 1354 1495 alicu-

399 1532 458 1615 jus
474 1534 594 1596 talium
610 1533 713 1596 fuerit
727 1533 818 1595 infra
833 1539 983 1608 aetatem,
1005 1532 1163 1595 dominus
1184 1531 1259 1614 ejus
1282 1551 1351 1595 non
1368 1535 1407 1590 10

403 1630 530 1694 babeat
544 1632 734 1696 custodiam
757 1632 844 1714 ejus,
867 1649 929 1693 nec
948 1638 1048 1693 terrae
1065 1649 1150 1705 suae,
1165 1639 1352 1710 antequam

404 1729 602 1809 homagium
619 1731 694 1813 ejus
709 1731 851 1812 ceperit,
877 1739 913 1792 et
934 1735 1117 1810 postquam
1140 1729 1219 1792 talis
1242 1729 1352 1792 haeres

404 1828 555 1891 fueritin
571 1828 740 1904 custodia,
758 1829 895 1891 eumad
911 1835 1049 1890 aetatem
1064 1828 1269 1908 pervenerit,
1285 1828 1352 1890 sci-

404 1926 486 1990 licet
518 1929 640 2009 viginti
664 1936 699 1991 et
725 1927 827 2003 unius
852 1927 945 2002 anni,
967 1925 1093 1990 habeat
1114 1925 1351 1989 haereditatem

404 2045 503 2088 suam
518 2027 592 2090 sine
607 2028 734 2091 relevio
750 2034 785 2089 et
803 2026 878 2088 sine
900 2026 989 2098 fine;
1012 2026 1064 2088 ita
1085 2032 1200 2088 tamen
1216 2025 1351 2105 quodsi
1367 2027 1405 2082 15

403 2125 477 2205 ipse
506 2125 588 2188 dum
614 2125 704 2188 infra
736 2131 875 2188 aetatem
897 2123 1001 2187 fuerit
1034 2124 1094 2187 liat
1117 2124 1225 2198 mileS,
1249 2123 1351 2186 nibil-

402 2224 535 2286 ominus
567 2231 660 2287 terra
689 2230 864 2286 remaneat
890 2224 924 2284 in
950 2223 1107 2286 custodia
1135 2221 1351 2286 dominorum

401 2341 541 2384 suorum
558 2341 666 2403 usque
688 2322 731 2385 ad
754 2323 935 2385 terminum
956 2321 1168 2401 praediotum.
1222 2320 1351 2385 Custos

402 2426 502 2481 terrae
519 2419 716 2503 hujusmodi
731 2421 888 2496 haeredis,
904 2421 963 2501 qui
980 2419 1068 2482 infra
1080 2427 1217 2484 aetatem
1235 2420 1351 2497 fuerit,

402 2537 470 2580 non
507 2520 623 2600 capiat
650 2519 692 2582 de
731 2527 823 2582 terra
853 2518 998 2582 haeredis
1031 2520 1097 2581 nisi
1128 2519 1351 2582 rationabiles
1363 2523 1404 2580 20

401 2616 527 2694 exitus,
545 2626 580 2681 et
601 2618 823 2682 rationabiles
844 2617 1119 2693 consuetudines,
1142 2625 1177 2680 et
1197 2619 1349 2681 rationa-

401 2715 483 2778 bilia
509 2716 662 2792 servitia,
688 2724 723 2780 et
746 2716 811 2779 hoc
839 2717 912 2778 sine
935 2715 1165 2779 destructione
1192 2724 1227 2779 et
1248 2724 1350 2779 vasto

400 2812 574 2875 bominum
592 2814 668 2878 ‘vel
678 2811 705 2847 '⁴
722 2834 845 2878 rerum.
899 2813 944 2876 Et
957 2815 987 2875 si
1002 2833 1065 2876 nos
1081 2814 1350 2877 commiserimus

399 2910 591 2974 custodiam
613 2912 760 2994 alicujus
781 2912 861 2975 talis
880 2918 981 2975 terrae
997 2913 1201 2988 vicecomiti,
1217 2913 1272 2975 vel
1289 2914 1350 2975 ali-

399 3010 455 3071 cui
476 3009 535 3072 alii
554 3011 614 3092 qui
637 3010 679 3074 de
699 3012 850 3074 exitibus
870 3018 972 3075 terrae
994 3010 1086 3073 illius
1107 3012 1204 3074 nobis
1225 3011 1349 3076 debeat
1363 3024 1403 3080 25

399 3109 615 3188 respondere,
653 3118 687 3173 et
723 3110 781 3172 ille
811 3108 1075 3172 destructionem
1113 3108 1156 3172 de
1193 3110 1350 3173 custodia

399 3205 519 3270 fecerit
534 3209 589 3271 vel
608 3216 757 3284 vastum,
773 3227 836 3271 nos
852 3208 895 3270 ab
917 3204 1027 3270 ‘illo'⁵
1044 3209 1220 3288 capiemus
1235 3228 1350 3270 emen-

399 3304 491 3381 dam,
507 3313 543 3368 et
560 3313 654 3369 terra
673 3296 957 3371 ‘committetur'6
979 3306 1112 3368 duobus
1126 3305 1297 3386 legalibus
1315 3314 1351 3370 et

399 3402 558 3468 discretis
578 3403 771 3468 hominibus
792 3405 834 3468 de
854 3403 955 3468 feodo
970 3404 1043 3480 illo,
1058 3404 1117 3486 qui
1137 3405 1180 3466 de
1196 3405 1350 3467 exitibus

399 3500 546 3564 ‘nobis'⁷
570 3503 811 3583 respondeant,
826 3503 883 3566 vel
902 3503 955 3566 ‘ei
974 3503 1030 3565 eui
1047 3500 1134 3566 eos'⁸
1149 3503 1351 3584 assignave-
1364 3514 1403 3570 30

399 3598 527 3678 rimus;
556 3609 591 3663 et
617 3601 646 3662 si
672 3602 864 3664 dederimus
891 3602 948 3664 vel
966 3601 1218 3664 vendiderimus
1246 3602 1351 3665 alicui

343 3691 346 3697 ’
398 3697 588 3760 custodiam
611 3698 759 3781 alicujus
782 3700 861 3763 talis
876 3708 989 3776 terrae,
1007 3709 1042 3764 et
1063 3700 1121 3763 ille
1145 3700 1350 3764 destructio-

433 3993 440 4022 ¹
458 3998 596 4048 ‘comitatu
607 4001 725 4063 integro?
921 3999 931 4029 ⁵
948 4003 1014 4051 ‘eo'

433 4059 592 4119 ²‘marcas'
921 4067 931 4097 ⁶
948 4073 1151 4122 ‘committatur’

433 4131 443 4160 ³
458 4137 610 4190 ‘habuerit'
922 4137 931 4169 ⁷
949 4142 1036 4190 ‘terrae
1048 4142 1118 4190 illius
1130 4145 1219 4192 nobis!

431 4194 441 4221 ⁴
459 4209 520 4256 ηιμ
920 4208 931 4239 ⁸
948 4211 1004 4258 ‘nn
1016 4212 1058 4260 cui
1070 4211 1148 4263 arose
