3134 4990
370 487 437 552 268
748 502 955 549 cunonroon

222 675 349 766 pepqup.
371 659 437 722 fuit
459 661 494 721 in
511 659 582 722 vita
603 677 679 734 sua,
700 659 766 721 nisi
787 659 830 721 de
854 659 976 721 minori
1000 657 1121 720 dotata
1147 657 1252 720 fuerit
1277 657 1321 719 ad

208 749 355 894 {ns
372 759 499 870 ostium
513 757 679 820 ecclesiae.
732 757 843 868 Nulla
858 757 963 820 vidua
974 757 1204 869 distringatun
1224 756 1322 868 adse

226 856 294 895 Μ·
372 857 600 919 maritandam
622 856 702 918 dnm
720 875 836 918 vrvere
852 856 999 918 volueut
1020 874 1093 917 sine
1115 862 1248 932 manto,
1271 863 1322 918 ita

373 965 488 1018 tamen
510 954 603 1035 quod
628 954 849 1017 securitatem
875 951 1040 1018 ‘faciet'¹
1070 952 1161 1034 quod
1188 973 1225 1017 se
1251 973 1322 1016 non

372 1054 549 1118 maritabit
559 1054 634 1117 sine
648 1071 791 1116 assensu
802 1061 932 1128 nostr0,
945 1053 974 1116 si
990 1051 1033 1115 de
1049 1053 1147 1115 nobis
1160 1054 1320 1129 tenuerit,
1355 1059 1375 1114 5

372 1153 428 1215 vel
454 1153 528 1216 sine
551 1171 694 1216 assensu
716 1151 842 1214 domini
866 1151 931 1226 sui,
952 1152 983 1213 si
1009 1151 1051 1214 de
1072 1152 1140 1214 alio
1162 1153 1320 1216 tenuerit.

374 1251 450 1316 Nos
466 1271 547 1315 vero
563 1251 619 1314 vel
641 1250 761 1313 ballivi
784 1251 892 1313 nostri
913 1269 980 1312 non
997 1249 1174 1312 saisiernus
1195 1257 1319 1313 terram

373 1350 525 1431 aliquam
540 1347 657 1412 ‘nec'²
676 1348 847 1412 redditum
862 1369 925 1430 pro
940 1350 1056 1412 debito
1066 1348 1182 1429 aliquo
1198 1369 1319 1430 quarn-

372 1448 430 1510 diu
446 1449 574 1511 catalla
587 1448 750 1511 debitoris
762 1449 947 1528 praesentia
961 1434 1184 1511 ‘sufficiant'³
1200 1448 1242 1511 ad
1261 1449 1319 1519 de-¹

372 1547 482 1609 bitum
498 1547 719 1622 reddendum,
737 1554 772 1609 et
787 1548 860 1627 ipse
875 1547 1010 1611 debitor
1022 1554 1165 1627 paratus
1181 1547 1227 1610 sit
1242 1547 1320 1610 inde
1337 1545 1374 1600 10

373 1644 593 1709 satisfacere:
617 1665 679 1708 nec
693 1644 798 1726 plegii
814 1646 923 1727 ipsius
933 1645 1095 1709 debitoris
1111 1645 1319 1726 distringan-

337 1747 340 1752 '
373 1751 430 1806 tur
446 1744 610 1825 quamdiu
631 1745 705 1825 ipse
719 1744 877 1825 capitalis
892 1745 1027 1807 debitor
1040 1743 1188 1809 sufficiat
1205 1745 1248 1807 ad
1263 1764 1320 1809 so-

374 1842 538 1906 lutionem
556 1841 728 1906 ‘debiti.’⁴
779 1843 825 1906 Et
840 1843 869 1905 si
891 1844 1051 1924 capitalis
1072 1843 1206 1907 debitor
1229 1843 1321 1906 defe-

375 1942 459 2004 cerit
474 1943 509 2004 in
530 1942 701 2006 solutione
718 1941 835 2016 debiti,
852 1961 921 2005 non
938 1942 1066 2005 habens
1082 1942 1172 2006 unde
1188 1942 1320 2019 reddat,

375 2048 436 2103 aut
458 2041 599 2104 reddere
615 2041 702 2104 nolit
718 2060 794 2102 cum
811 2042 933 2122 possit,
950 2041 1074 2123 ‘plegii
1090 2042 1321 2122 respondeant
1337 2039 1375 2094 15

374 2159 438 2220 pro
465 2138 598 2207 debito:
612 2136 639 2173 '⁵
661 2148 696 2202 et
719 2140 749 2202 si
773 2139 945 2203 voluerint
971 2141 1122 2203 babeant
1151 2152 1260 2203 terras
1287 2149 1322 2203 et

374 2236 528 2301 redditus
544 2239 707 2303 debitoris
723 2258 902 2321 quousque
917 2240 963 2303 sit
981 2241 1030 2302 eis
1045 2238 1261 2302 satisfactum
1279 2238 1322 2302 de

375 2337 490 2400 debito
508 2337 599 2417 quod
622 2345 702 2400 ante
721 2357 784 2418 pro
806 2357 847 2401 eo
862 2339 1051 2415 solverunt,
1072 2339 1138 2400 nisi
1161 2339 1321 2420 capitalis

375 2434 509 2498 debitor
532 2437 777 2499 monstraverit
805 2455 842 2499 se
861 2436 940 2500 indo
966 2457 1042 2500 esse
1065 2438 1218 2518 quietum
1246 2458 1321 2502 ver-

374 2553 435 2596 sus
455 2534 591 2598 eosdem
614 2535 758 2616 plegios.
812 2535 945 2600 Civitas
978 2537 1164 2600 Londoniae
1197 2537 1376 2601 babeat20

374 2652 492 2696 omnes
507 2639 517 2668 ‘
530 2634 691 2716 antiquas
704 2626 912 2697 libertates’⁶
927 2643 962 2698 et
981 2633 1156 2699 ‘liberas'⁷
1178 2655 1322 2699 consue·

374 2731 511 2795 tudines
530 2751 623 2796 suas.
677 2732 853 2797 Praeterea
873 2735 1032 2798 volumus
1052 2741 1086 2798 et
1106 2735 1323 2798 concedimus

375 2830 466 2909 quod
491 2849 608 2894 omnes
635 2830 712 2893 aliae
736 2832 907 2910 civitates,
927 2843 962 2898 et
981 2835 1094 2914 burgi,
1112 2842 1146 2897 et
1161 2834 1265 2910 villae,
1288 2841 1324 2897 et

375 2928 520 2990 barones
545 2929 587 2991 de
613 2928 773 3010 Quinque
800 2930 975 2996 Portubus
1001 2941 1036 2996 et
1058 2953 1176 2996 omnes
1204 2940 1324 3014 portus

376 3025 526 3090 habeant
561 3047 679 3090 omnes
712 3028 891 3094 libertates
921 3041 956 3096 et
986 3032 1112 3095 liberas
1141 3040 1323 3095 consuetu·
1337 3037 1378 3094 25

376 3123 472 3188 dines
501 3145 594 3190 suas.
659 3125 787 3191 Nullus
812 3128 1039 3210 distringatur
1061 3132 1105 3193 ad
1132 3130 1324 3194 iaciendum

376 3225 489 3307 majus
504 3226 683 3290 servitium
697 3226 740 3289 de
749 3227 849 3290 feodo
864 3229 982 3292 militis
997 3249 1060 3292 noc
1075 3231 1117 3293 de
1133 3230 1201 3293 alio
1216 3230 1325 3293 libero

376 3330 569 3386 tenemento
597 3344 700 3406 quam
725 3326 803 3389 inde
826 3326 979 3390 debetur.
1025 3326 1229 3392 Communia
1251 3329 1326 3411 pla·

376 3421 446 3484 cita
463 3442 531 3485 non
546 3431 734 3504 sequantur
748 3425 878 3487 curiam
894 3432 1057 3502 nostram,
1069 3427 1129 3491 sed
1145 3435 1328 3491 teneantur

377 3520 412 3582 in
441 3520 557 3603 aliquo
583 3522 660 3585 loco
686 3532 792 3587 certo.
857 3523 1126 3605 Recognitiones
1162 3524 1204 3588 de
1235 3546 1327 3590 nova
1340 3535 1380 3591 30

377 3619 559 3682 disseisina
573 3627 608 3684 et
631 3620 674 3683 de
692 3629 801 3684 morte
816 3625 1044 3687 antecessoris
1059 3643 1128 3686 non
1145 3625 1328 3706 capiantur

309 3704 312 3712 ’
377 3716 443 3777 nisi
462 3718 497 3778 in
517 3718 589 3779 suis
610 3720 830 3782 comitatibus
853 3728 889 3784 et
911 3721 976 3785 hoc
998 3723 1111 3786 modo.
1166 3721 1242 3785 Nos
1260 3723 1327 3798 vel,

377 3815 408 3876 si
434 3821 535 3879 extra
562 3834 704 3896 regnum
735 3817 911 3896 fuerimus
935 3822 1092 3902 capitalis
1116 3820 1329 3904 justitiarius

413 4013 551 4067 ¹‘laciat.'
850 4037 852 4074 ς
898 4019 1021 4084 “plegii
1049 4023 1080 4071 de
1108 4023 1194 4071 debito
1226 4037 1330 4084 respon-

412 4083 422 4112 ²
437 4086 445 4113 ‘
456 4086 513 4134 vel!
850 4101 852 4119 ³
863 4091 959 4140 deant?

413 4151 424 4183 ³
437 4155 598 4204 ‘sufficiunt’
898 4157 909 4187 ⁰
926 4160 1072 4209 ‘libertates
1084 4175 1145 4210 suas
1157 4162 1295 4222 antiquos·

411 4219 420 4248 ⁴
437 4224 536 4283 ‘ipsius
548 4225 646 4275 debiti:
899 4225 908 4256 ⁷
928 4230 1051 4279 Omitted.
