3134 4990
378 489 445 554 288
748 501 959 552 eanorrroon
1032 521 1034 526 -

258 679 323 718 ran.
379 657 512 731 eusem¹
536 659 728 740 episcopos,
759 657 831 738 egit
862 657 937 738 ipse
968 675 1032 720 rex
1057 657 1273 734 inexilium,
1296 666 1333 721 et

217 730 354 868 ῥέζω·
379 759 489 824 mura
503 758 573 822 ana
588 757 692 833 moa,
708 757 896 838 instigante
910 756 1060 833 diabolo,
1076 758 1300 838 perpetravit,

216 869 326 910 erema.

482 1004 632 1084 Quomodo
647 1001 772 1087 subjecit
785 1003 937 1089 Aeoliam
953 1003 1057 1066 Ouriae
1071 1004 1228 1067 Romana

226 1191 253 1230 Α,
259 1189 285 1228 1,
297 1189 354 1228 1212,
432 1153 526 1216 Dum
540 1154 585 1218 ab
599 1153 717 1234 iniquo
733 1171 814 1232 rege
829 1152 914 1216 talia
930 1158 1116 1233 agerentur
1135 1151 1331 1215 insurrexe-

216 1253 354 1344 fflffl·
380 1260 461 1316 runt
474 1253 511 1316 in
527 1272 606 1316 eum
625 1259 807 1333 magnates
829 1251 894 1327 sui,
916 1257 952 1314 et
975 1251 1149 1332 praecipue
1171 1249 1221 1312 illi
1242 1270 1329 1331 quo-

379 1370 455 1414 rum
469 1370 598 1414 uxores
614 1351 816 1426 violaverat,
834 1356 1011 1414 moventes
1026 1349 1092 1412 sibi
1103 1349 1330 1431 quaestionem

295 1490 298 1494 -
380 1449 586 1523 etdieentes,
607 1455 629 1484 “
641 1449 713 1514 Cur
726 1451 777 1514 ita
791 1449 881 1512 male
896 1448 985 1529 agis,
1001 1447 1032 1512 Ο
1048 1467 1123 1523 rex,
1140 1467 1217 1512 cum
1228 1448 1330 1529 plebe

381 1556 453 1624 tun,
468 1568 575 1630 quare
590 1548 702 1629 legem
716 1548 785 1612 Dei
800 1548 853 1611 tui
868 1553 904 1610 et
918 1546 1027 1628 ipsius
1042 1546 1206 1610 mandate
1216 1553 1329 1611 trans·

381 1647 560 1728 grederist
613 1647 697 1711 Non
722 1647 812 1710 enim
837 1645 987 1710 vivimus
1009 1647 1045 1710 in
1072 1646 1150 1726 lege
1178 1645 1245 1709 Dei
1267 1648 1329 1710 sed

382 1745 479 1810 volut
503 1746 656 1812 haeretiei
680 1745 764 1810 faeti
789 1764 907 1808 sumus
930 1745 967 1808 iu
989 1744 1223 1810 confusionem
1249 1765 1330 1809 nos-
1383 1754 1395 1778 ’

383 1853 485 1922 trum,
499 1845 535 1908 in
556 1852 686 1908 sancte
708 1844 829 1908 matris
848 1843 1003 1908 ecclesiae
1024 1843 1333 1924 transgressionem

382 1961 565 2025 maguam:
588 1961 678 2008 nune
692 1963 775 2026 ergo
796 1943 970 2024 resipisce,
990 1951 1052 2007 aut
1071 1949 1164 2006 certe
1183 1944 1336 2024 poenite·¹

383 2043 436 2106 bis
460 2043 506 2106 in'
519 2049 706 2124 posterum,
730 2043 892 2124 quonium
913 2041 1111 2125 hujusmodi
1127 2042 1221 2106 mala
1234 2042 1330 2106 dein·

218 2116 347 2230 ἓξὲξ
382 2159 464 2223 ceps
494 2141 695 2206 sustinenda
723 2161 792 2204 non
816 2141 932 2205 sunt.''
992 2140 1134 2205 Timens
1159 2161 1240 2204 vero
1266 2141 1334 2205 sibi

218 2231 344 2328 mx„
382 2260 445 2304 rex
468 2241 624 2306 ‹leliuivit
648 2259 708 2305 eos
734 2240 848 2304 verbis
876 2239 1039 2322 pacificia,
1072 2248 1109 2304 et
1139 2240 1253 2304 missis
1286 2241 1332 2304 ad

219 2329 331 2379 ‘mm
383 2357 510 2420 papam
538 2339 672 2402 nunciis
713 2339 851 2419 rogavit
880 2346 919 2403 ut
947 2340 984 2402 in
1012 2345 1144 2402 statum
1175 2338 1331 2404 eeclesiae

384 2437 501 2502 reduei
536 2443 655 2520 posset
690 2445 726 2502 et
767 2437 914 2514 admitti,
956 2437 1016 2519 qui
1054 2438 1166 2502 sinum
1210 2440 1334 2502 matris

270 2559 277 2570 ·
384 2537 541 2619 aperiens
555 2556 597 2600 eo
612 2536 703 2617 quod
726 2545 847 2602 saneta
866 2544 978 2601 mater
998 2535 1144 2600 eeclesia
1164 2538 1337 2624 gremium,

383 2655 451 2700 uon
468 2635 599 2702 claudit
615 2635 785 2712 redeunti,
799 2636 893 2700 misit
906 2637 943 2700 in
956 2634 1120 2716 Angliam
1134 2635 1222 2700 duos
1236 2635 1333 2718 lega·

221 2745 362 2834 3323&
384 2741 439 2798 tos
468 2732 677 2798 cardinales²
708 2754 787 2798 eum
816 2734 1030 2816 plenitudine
1059 2735 1243 2816 potestatis
1271 2738 1333 2816 qui

223 2845 330 2894 turbu»
384 2832 596 2896 omnimodas
628 2833 784 2896 eeclesiae
812 2851 938 2897 causas
967 2841 1002 2896 et
1032 2833 1127 2914 regis
1156 2833 1334 2898 molestius

384 2930 624 3012 ponderaront,
653 2937 690 2994 et
720 2931 789 2996 fine
820 2932 937 2996 debito
967 2933 1202 2996 terminarent.
1260 2933 1333 2996 Ve-

384 3030 515 3094 nientes
532 3035 647 3094 autem
664 3029 710 3092 ad
726 3049 842 3112 regem
858 3032 902 3096 ab
919 3050 962 3094 eo
977 3030 1162 3094 honorifice
1182 3032 1336 3113 suseepti

385 3135 477 3204 sunt,
491 3135 527 3192 et
541 3128 753 3192 induxerunt
773 3149 852 3193 eum
875 3130 1031 3210 inprimis
1046 3137 1086 3193 ut
1106 3149 1224 3194 omues
1247 3149 1333 3194 exu-

383 3226 496 3292 lantes
509 3234 545 3292 et
560 3248 624 3309 pro
634 3227 714 3311 jure
729 3229 883 3292 ecelesiae
904 3228 1116 3310 proscriptos
1131 3229 1177 3292 ad
1191 3230 1334 3311 propria

383 3335 562 3391 revooeret
593 3333 628 3390 et
658 3327 702 3390 ad
729 3328 844 3391 omnia
866 3327 1074 3392 restitueret.
1131 3326 1212 3405 Quo
1239 3329 1335 3392 facto

382 3424 464 3490 lieet
480 3425 583 3490 variis
604 3426 704 3490 varia
724 3425 1002 3491 ‘censentibus'³
1024 3434 1211 3508 antequam
1232 3429 1334 3490 bene-

382 3524 497 3592 ficium
526 3524 752 3589 absolutionis
783 3534 901 3606 posset
930 3525 1129 3607 promereri,
1152 3525 1195 3589 de
1225 3526 1335 3590 libero

419 3791 427 3822 ¹
439 3787 845 3849 Eustaee,ChuneellorandDenn
870 3788 922 3837 end
932 3788 993 3838 died
1009 3792 1037 3837 ut
1053 3789 1168 3852 Reuding
1178 3804 1211 3838 on
1229 3790 1271 3840 the
1283 3793 1334 3840 find

381 3860 410 3908 oi
422 3859 564 3920 Salisbury‚
574 3856 735 3906 consecrated
747 3857 844 3918 Bishop
869 3873 898 3906 or
910 3858 955 3906 ard
966 3858 996 3906 of
1002 3856 1142 3919 February,
1154 3862 1227 3908 1214.
1322 3849 1327 3858 ’

382 3931 412 3979 oi
430 3929 544 3988 Lincoln,
569 3926 684 3989 Sundny,
707 3925 797 3975 March
820 3930 845 3988 1,
905 3924 1080 3990 ’Pendulph‚
1107 3927 1150 3976 the
1174 3929 1336 3990 Subdeaeon‚

383 4004 456 4049 1198.
490 3997 564 4046 After
575 3995 617 4045 the
627 3994 699 4058 lapse
710 3995 740 4044 ot
747 3997 844 4046 several
869 3997 920 4045 and
935 3996 1069 4056 Nieholas,
1085 3996 1181 4058 Bishop
1194 3998 1225 4046 οἰ
1235 3998 1335 4047 'luseu-

380 4083 464 4130 yenrs,
485 4067 562 4129 being
583 4065 725 4115 reeoueiled
750 4070 777 4114 to
802 4066 844 4114 the
869 4066 932 4128 lum,
946 4066 1008 4115 hod.
1021 4066 1183 4128 Frnseati‚in
1201 4067 1243 4116 the
1257 4068 1334 4117 Gam-

382 4139 462 4200 King,
480 4137 512 4186 he
533 4136 651 4186 returned
672 4140 698 4184 te
717 4135 844 4199 Euglaud,
870 4149 955 4197 pagna
966 4136 993 4183 di
1005 4135 1094 4184 Roma.

904 4203 915 4234 ³
931 4200 1127 4268 ‘eonsentibns‚'
1137 4204 1337 4256 staceario.
