3134 4990
402 468 467 532 186
771 481 980 530 cunoruoou

258 659 349 698 sichard
359 660 378 698 1.
403 656 462 699 rex
489 635 672 710 Ricardus,
692 635 816 697 animae
833 653 917 698 meae
939 633 1117 709 insidians,
1131 633 1207 717 jam
1222 653 1285 716 per
1306 635 1352 698 si-

241 709 388 771 Q
404 736 515 799 curios
531 753 613 798 suos
628 733 725 796 illum
736 731 885 809 nobilem
900 727 1132 796 marchionem
1144 733 1351 796 interemit.’'

241 847 341 894 norme·
350 850 372 886 to
405 834 451 897 Et
473 833 665 909 subintulit,
681 831 806 895 “Ecce
829 832 918 896 enim
943 831 1000 896 bic
1024 831 1134 896 literae
1161 831 1352 896 adiversis

240 898 305 936 make
313 907 356 935 war
364 906 391 935 on

240 947 373 1034 {pm
404 932 560 1013 personis
575 930 658 994 mibi
674 949 779 1011 super
802 929 867 993 boc
892 930 1043 1005 directae,
1059 937 1095 994 et
1116 930 1150 993 in
1173 929 1238 992 hoc
1258 929 1351 993 facto

240 1046 310 1084 niens·
404 1031 498 1110 quod
514 1029 596 1094 mibi
612 1048 766 1104 caveam,
785 1034 820 1092 et
835 1028 993 1109 diligenti
1009 1046 1094 1092 cura
1107 1028 1306 1108 provideam
1317 1029 1351 1101 ;''

404 1129 599 1211 adjecitque
615 1127 709 1191 cordi
731 1127 797 1190 sibi
814 1145 890 1190 esse
913 1127 1003 1191 velle
1026 1125 1219 1208 sequidem
1243 1127 1352 1192 vindi·

404 1247 483 1290 care
508 1227 551 1290 de
576 1225 775 1309 hujusmodi
801 1223 986 1306 proditore.
1054 1223 1112 1288 Ad
1139 1225 1204 1290 hoc
1235 1232 1351 1290 autem
1554 1299 1555 1306 ἵ

405 1325 690 1406 respondentibus
708 1323 915 1405 quibusdam
938 1332 973 1388 et
994 1322 1187 1388 adulatorie
1206 1323 1351 1388 dicenti·

405 1426 469 1486 bus
484 1425 611 1486 bonum
623 1423 874 1504 honestumque
890 1441 966 1486 esse
982 1428 1018 1487 et
1032 1422 1123 1503 quod
1136 1441 1200 1503 pro
1216 1422 1353 1488 cautela

403 1521 551 1586 faciebat
578 1530 614 1586 et
639 1521 732 1602 quod
758 1540 821 1601 pro
847 1520 979 1584 ultione
1004 1520 1230 1602 disponebat3
1269 1539 1351 1601 pru·

404 1620 576 1683 dentiores
599 1626 737 1683 ‘tamen
762 1617 849 1683 sic'²
880 1618 1126 1700 respondentes
1151 1618 1353 1697 intulerunt,

405 1724 427 1754 “
442 1718 622 1782 Cautelam
640 1725 747 1793 tunm,
762 1718 794 1781 0
813 1737 889 1792 rex,
906 1737 976 1799 qua
990 1718 1053 1782 tibi
1068 1725 1190 1784 contra
1202 1717 1353 1785 incertos

404 1835 506 1880 casus
524 1816 613 1880 forte
628 1815 862 1880 abundantius
877 1817 1057 1897 prospicis
1072 1835 1142 1880 non
1159 1817 1352 1898 culpamus,

404 1921 622 1996 praematurae
660 1933 742 1978 vero
779 1914 920 1978 ultionis
958 1915 1173 1997 propositum
1213 1915 1351 1981 minime

403 2013 671 2094 approbamus.”
723 2011 866 2091 Quievit
894 2032 976 2094 ergo
1009 2013 1053 2076 ad
1081 2014 1264 2089 modicum,
1292 2015 1352 2082 scd

405 2119 522 2175 tamen
558 2110 651 2193 quod
690 2112 847 2192 sequitur
889 2110 1006 2176 dolose
1043 2109 1253 2192 imaginatus
1288 2118 1350 2177 est.

243 2230 377 2270 umissos
407 2209 527 2274 Missis
548 2211 637 2272 enim
660 2210 793 2273 nunciis
816 2209 861 2272 ad
875 2229 991 2291 regem
1010 2210 1197 2286 Dacorum,
1217 2229 1351 2292 germa-

243 2282 305 2319 sister
313 2281 336 2318 of
342 2281 379 2318 tbc

243 2329 393 2376 rugornen-
406 2327 486 2372 nam
505 2327 603 2371 suam
623 2308 688 2370 sibi
711 2308 810 2388 petiit
826 2308 902 2372 dari
924 2309 960 2370 in
980 2327 1134 2385 uxorem,
1158 2316 1194 2372 et
1215 2309 1351 2373 nomine

242 2379 311 2418 '⁰³¹¹'
406 2406 497 2470 dotis
515 2407 579 2469 sibi
594 2406 734 2470 concedi
750 2407 929 2486 antiquum
940 2406 1000 2489 jus
1017 2407 1107 2488 regis
1124 2407 1299 2474 Dacorum
1314 2408 1351 2472 in

406 2523 512 2585 regno
524 2502 734 2585 Anglorum3
753 2512 788 2568 et
799 2505 843 2568 ad
854 2504 918 2568 hoc
930 2505 1196 2586 assequendum,
1206 2505 1350 2570 classem

405 2604 664 2685 exercitumque
699 2603 820 2666 Duciae
853 2598 1110 2684 ‘postulavit'2
1144 2623 1236 2668 anno
1269 2623 1350 2669 nno.

406 2702 542 2779 Quibus
557 2721 631 2777 rex,
644 2708 667 2737 “
679 2701 802 2777 Rem,’'
818 2702 941 2782 inquit,
952 2707 974 2736 “
985 2702 1149 2782 grandem
1163 2701 1350 2766 difficilem·

405 2819 473 2880 que
489 2801 656 2880 postulat,
673 2799 869 2864 deliberabo
885 2800 1034 2865 tamen.”
1086 2800 1313 2882 Quaesithuc
1329 2820 1351 2864 a

405 2899 478 2960 suis
506 2899 650 2961 consilio
672 2899 933 2980 responderunt,
949 2899 1079 2964 “Satis
1101 2899 1199 2966 nobis
1221 2901 1351 2978 negotii

405 3002 457 3060 est
483 3003 603 3060 eontra
632 3016 804 3078 paganam
833 3006 870 3062 et
896 2999 1024 3062 nostris
1050 2997 1197 3064 vicinam
1226 2998 1351 3062 finibus

404 3102 543 3176 gentem
568 3095 831 3160 Wandalorum.
886 3096 1026 3162 ‘Illisne
1052 3115 1135 3178 ergo
1157 3095 1352 3173 dimissis*

404 3195 574 3260 hostiliter
595 3195 837 3277 aggrediemur
858 3194 1052 3276 Anglcrum
1075 3203 1212 3275 gentem
1233 3195 1350 3260 Chris-

406 3296 535 3358 tianam
576 3302 680 3376 atquc
729 3295 919 3371 innoxiam,
957 3294 1183 3376 nosmetipsos
1221 3294 1352 3377 duplici

404 3394 556 3474 periculo
588 3395 852 3474 immergentesl
906 3392 1016 3457 Porro
1045 3393 1239 3475 Anglcrum
1265 3413 1351 3474 gens

404 3511 532 3574 magna
548 3499 583 3556 et
602 3492 735 3556 famosa
757 3501 811 3558 est
827 3499 933 3575 atque
949 3497 960 3526 ‘
974 3492 1100 3568 valida,
1116 3493 1153 3557 in
1175 3491 1352 3560 tantum’⁴

404 3598 443 3653 ut
462 3599 584 3655 contra
604 3610 738 3654 omnem
755 3599 936 3654 externam
956 3600 1093 3672 gentem
1112 3591 1179 3654 sibi
1192 3590 1349 3657 sufficere

403 3689 573 3751 credatur.
624 3687 732 3752 Aliud
753 3709 835 3770 ergo
860 3698 957 3771 petat
983 3710 1043 3754 rex
1076 3689 1232 3756 Franciae
1258 3690 1351 3756 dotis

404 3786 551 3862 nomine,
570 3787 732 3866 quoniam
756 3787 836 3850 huic
858 3789 1017 3871 petitioni
1040 3809 1109 3852 non
1131 3797 1185 3853 est
1202 3809 1352 3852 annuen-

401 4021 406 4030 ·
439 3986 532 4037 '‘vero
542 3988 633 4049 aliter,'
648 3988 706 4038 MS.
718 3987 812 4038 Lansd.
889 3988 1001 4047 bansd.;
1024 3989 1096 4036 ‘Illis
1115 4003 1206 4050 ergone
1222 3987 1354 4050 dimissis:

437 4051 864 4120 ⁹‘paravit‚'MSS.Coll.Arm.and
889 4059 946 4107 MS.
959 4059 1026 4107 Cott.
1037 4058 1095 4107 Tib.

402 4128 532 4177 Oott.Tib.
550 4128 664 4176 Omitted
670 4129 696 4175 in
704 4128 760 4178 MS.
769 4127 863 4176 Lansd.
922 4125 931 4154 ⁴
943 4129 984 4175 ‘in
996 4131 1093 4176 tuntum
1102 4126 1206 4190 validc,'
1217 4124 1274 4174 MS.
1282 4123 1351 4174 Gor.

435 4194 523 4246 ³·illis
541 4198 649 4258 iglturne
664 4198 795 4261 dimissis,’
806 4198 864 4246 MS.
888 4197 946 4245 Tib.
