3128 4992
275 648 401 739 suffitio

262 945 308 984 me
317 944 392 994 Kinds

263 995 374 1034 interview

262 1045 314 1084 with
326 1046 363 1085 the

264 1095 326 1144 Pope.

257 2277 283 2316 A.
292 2277 318 2316 1).
329 2279 385 2317 112⁰.

260 2343 327 2382 Pence
334 2345 370 2382 be-

258 2397 327 2432 10000
336 2394 391 2444 Eng-

257 2443 308 2482 laud
322 2444 364 2482 tud

258 2492 345 2533 Franco.

256 3270 330 3320 chry
339 3273 382 3311 sets

254 3321 294 3360 mil
302 3321 357 3360 from

256 3371 351 3412 Barfleur
361 3373 393 3412 tor

255 3422 360 3470 Englnnd.

425 461 470 524 46
792 473 1000 522 cunorucon

427 635 578 717 positum
596 653 618 698 a
637 640 712 698 toto
729 633 875 698 concilio
892 632 1169 711 commendatum
1191 631 1372 712 iratusque

426 754 490 798 rex
508 734 688 799 interdixit
704 733 735 797 01
753 733 900 796 reditum
922 733 956 796 in
975 751 1109 796 omnem
1127 729 1371 794 dominationis

425 853 499 898 suae
521 835 654 898 locum:
687 841 767 916 post
792 832 963 896 modicum
983 852 1066 896 vero
1091 831 1255 913 temporis
1276 829 1370 892 venit

426 933 594 998 Kalixtus
622 952 715 1016 papa
737 932 954 1015 Gysortium,
981 931 1039 994 ubi
1064 931 1213 996 occurrit
1244 929 1275 992 ei
1305 947 1368 991 rex

425 1033 614 1109 Henricus,
631 1041 666 1096 01
682 1032 881 1116 impetravit
901 1051 923 1095 0
946 1050 1039 1114 papa
1055 1037 1094 1094 ut
1119 1030 1287 1094 nemiuem
1307 1028 1367 1090 ali-

424 1133 563 1214 quando
584 1133 739 1214 legatum
760 1133 797 1194 in
816 1130 979 1212 Angliam
999 1131 1150 1194 mitteret
1173 1147 1236 1191 nec
1258 1126 1369 1191 officio

424 1233 531 1312 legati
553 1232 650 1312 fungi
666 1232 891 1314 permitteret,
908 1230 975 1294 nisi
998 1229 1189 1312 postularet
1206 1227 1272 1290 hoc
1294 1227 1368 1308 ipse

424 1351 487 1394 rex
517 1330 698 1394 occasione
729 1330 876 1413 alicujus
907 1329 1056 1412 quereiae
1084 1348 1162 1411 quae
1192 1347 1254 1409 per
1279 1326 1368 1409 epis-

424 1449 530 1511 copos
545 1428 683 1510 Angliae
698 1430 876 1492 terminari
892 1450 960 1493 uon
976 1437 1104 1512 posset.
1145 1426 1368 1507 Rogavitque

424 1548 516 1611 papa
544 1548 659 1610 regem
692 1528 882 1593 Thurstino
916 1528 1186 1610 archiepiscopo,
1215 1525 1367 1588 sednon

424 1627 573 1692 obtinuit
598 1627 658 1691 illa
680 1629 766 1704 rice,
788 1647 850 1692 rex
870 1629 960 1691 euim
978 1628 1145 1691 assentire
1163 1625 1284 1703 uoluit,
1302 1625 1368 1687 nisi

422 1727 671 1811 subjectionem
698 1746 801 1809 quam
832 1727 1103 1810 praedecessores
1131 1725 1185 1790 sui
1217 1724 1369 1788 fecerant

423 1827 576 1891 ecclesiae
602 1826 845 1891 cantuariensi
866 1827 971 1892 vellet
993 1835 1028 1891 01
1054 1828 1129 1910 ipse
1145 1825 1278 1904 100οτος
1306 1823 1367 1888 sed

422 1928 561 1992 omnino
575 1926 761 1992 recusavit.

485 2109 730 2175 ‘concordatus’
743 2107 753 2142 ¹
768 2117 811 2174 cst
825 2109 893 2173 Rau
909 2129 979 2171 cum
989 2108 1069 2193 Rape
1082 2106 1290 2170 Francorum.

483 2256 584 2321 Auno
610 2258 750 2322 Domini
777 2273 909 2322 mcxx.
940 2275 1000 2319 rex
1032 2254 1207 2319 Heuricus
1238 2262 1275 2319 01
1304 2275 1366 2319 rex

423 2355 634 2420 Francorum
657 2355 865 2433 Lodovicus,
887 2363 1007 2419 mutuo
1029 2355 1254 2431 0011000100,
1285 2373 1365 2419 con-

421 2455 553 2519 cordati
580 2463 673 2519 sunt.
725 2455 931 2538 Susceperat
956 2455 1044 2526 enim
1073 2455 1167 2537 prius
1199 2455 1365 2536 quosdam

422 2553 702 2618 Normannorum
726 2564 906 2636 magnates
932 2556 994 2637 qni
1016 2575 1037 2618 a
1062 2554 1128 2618 fide
1153 2555 1244 2636 regis
1271 2553 1365 2619 Hen-

420 2654 481 2720 rici
513 2655 722 2730 deciderant,
755 2654 905 2737 fecitque
927 2653 1123 2720 Willelmus
1154 2654 1246 2717 filius
1274 2655 1364 2736 regis

421 2753 566 2817 Henrici
581 2755 779 2836 homagium
803 2755 877 2837 regi
894 2754 1050 2819 Franciae
1068 2774 1130 2837 pro
1150 2753 1364 2818 Normannia

420 2872 523 2934 quam
540 2853 682 2918 dederat
697 2854 728 2917 ei
751 2860 862 2937 pater,
880 2861 915 2920 et
938 2854 987 2918 sic
1009 2855 1073 2917 sub
1087 2853 1147 2918 illo
1165 2854 1256 2936 cepit
1272 2853 1364 2917 Nor·

419 2952 567 3017 manniae
592 2953 834 3037 principatum.
888 2954 968 3018 Rex
983 2973 1066 3018 vero
1088 2952 1263 3016 Henricus
1291 2973 1362 3016 om-

419 3053 519 3115 nibus
542 3053 586 3116 ad
604 3059 724 3118 votum
746 3054 895 3135 peractis
914 3054 989 3137 jam
1008 3052 1110 3117 laetus
1132 3053 1236 3116 immo
1251 3052 1363 3116 laetior

416 3152 521 3217 solito
547 3152 701 3231 effectus,
725 3154 866 3236 expleto
892 3153 967 3236 jam
994 3153 1117 3235 quinto
1140 3150 1364 3234 profectionis

417 3271 490 3316 suae
522 3273 625 3331 anuo,
656 3254 781 3318 iterum
813 3254 849 3316 in
882 3252 1044 3335 Angliam
1082 3252 1191 3316 multo
1224 3252 1362 3334 navigio

418 3353 602 3418 revehitur.
662 3354 708 3418 Et
741 3353 823 3437 quia
855 3351 917 3416 filii
948 3353 1001 3416 sui
1034 3371 1151 3416 curam
1182 3351 1364 3432 diligenter

416 3454 555 3534 agebat,
580 3455 818 3536 assignaverat
848 3453 879 3516 ei
909 3471 1031 3516 navem
1058 3471 1127 3533 qua
1151 3451 1248 3514 nulla
1270 3451 1363 3514 vide-

415 3553 519 3615 batur
533 3553 664 3629 melior,
680 3553 752 3628 sed,
767 3558 807 3615 ut
822 3559 967 3616 eventus
985 3551 1146 3627 ostendit,
1165 3550 1261 3614 nulla
1278 3550 1361 3613 inse·

416 3650 523 3714 licior.
569 3650 676 3714 Patre
705 3652 794 3716 enim
822 3658 1010 3732 praeeunte,
1039 3651 1142 3732 paulo
1169 3649 1301 3714 tardius
1326 3656 1361 3714 01

416 3748 586 3813 infelicius
620 3751 828 3838 sequebatur
861 3749 976 3825 filius3
1015 3770 1104 3814 nave
1137 3750 1261 3814 etenim
1293 3769 1360 3812 non

416 3847 520 3928 longe
543 3867 564 3911 0
590 3857 682 3913 terra
707 3849 832 3931 posita,
855 3869 933 3912 cum
960 3850 996 3912 in
1024 3850 1100 3931 ipso
1126 3849 1238 3913 noctis
1262 3849 1361 3912 initio

415 3943 556 4030 portum
570 3947 707 4030 Angliae
723 3948 976 4034 apprehendere
991 3957 1209 4025 conarentur,
1226 3968 1308 4012 mox
1325 3949 1360 4010 iu

415 4049 490 4130 ipso
515 4050 753 4115 velificatiouis
781 4050 911 4134 impetu
937 4068 1040 4132 super
1067 4047 1228 4130 scopulos
1260 4054 1361 4111 terrae

678 4254 685 4285 ¹
704 4257 881 4319 ‘Coronatus,'
890 4257 945 4306 MS.
959 4257 1023 4306 Coll.
1034 4257 1105 4306 Arm.
