3132 4996
421 472 593 520 wnnrnm
617 475 664 521 nn
687 475 971 526 nummoruncn.
1123 465 1165 528 61

207 626 311 691 finem
345 629 480 693 dicendi
511 629 644 693 faciunt
672 629 789 694 hostes
818 631 1011 698 inordinate
1044 654 1164 717 proru-
1203 658 1303 708 sesses.

205 734 317 804 enteS,
329 736 365 793 et
380 729 517 812 ‘quod'l
534 731 650 793 animo
665 749 741 793 meo
753 730 854 794 valde
871 731 996 814 placet,
1012 733 1165 816 disperse
1175 709 1325 772 Q

206 827 431 892 confluentes.
469 828 545 893 Vos
554 829 663 910 igitur
678 830 738 910 qui
748 830 954 896 vindicaturi
967 833 1049 896 estis
1064 834 1165 899 hodie

205 925 349 989 domurn
366 929 520 1004 Domini,
536 936 572 992 et
589 929 729 992 Domini
743 930 952 1007 sacerdotes,
969 938 1165 1015 terramque

208 1032 373 1103 vestram,
406 1034 441 1091 et
471 1027 635 1109 parvulos
666 1035 812 1103 vestros,
843 1029 873 1092 si
903 1030 981 1111 quis
1014 1039 1165 1096 vestrum

207 1125 376 1204 proelians
390 1126 479 1190 forte
497 1128 707 1204 occubuerit,
724 1128 799 1190 vice
817 1127 1070 1210 archipraesulis
1087 1151 1164 1196 ves·

206 1224 264 1300 tri,
294 1245 374 1288 enm
403 1225 614 1290 absolvimus
643 1228 687 1290 ab
716 1228 809 1289 omni
837 1247 942 1309 poena
967 1231 1100 1310 peccati
1128 1232 1164 1294 in

208 1325 347 1388 nomine
370 1324 500 1402 Patris,
514 1326 615 1409 cujus
635 1333 812 1389 creaturas
832 1326 922 1390 foede
937 1336 973 1391 et
992 1326 1163 1393 horribili·

208 1430 261 1486 ter
274 1424 533 1502 destruxerunt,
549 1431 584 1488 et
601 1424 693 1502 Filii,
709 1425 808 1508 cujus
819 1425 944 1490 altaria
960 1428 1165 1494 maculando

206 1521 464 1600 destruxerunt,
480 1532 515 1587 et
544 1524 693 1606 Spiritus
717 1523 847 1601 Sancti,
868 1544 890 1588 a
917 1546 987 1608 quo
1013 1529 1164 1609 separati

206 1622 329 1686 insane
346 1623 577 1697 ceciderunt.''
631 1623 888 1706 Confestimque
901 1626 1078 1708 respondit
1092 1647 1165 1692 om-

207 1721 261 1784 nis
270 1723 421 1804 populus
431 1731 440 1760 ‘
451 1719 629 1804 Angliae,'²
642 1722 796 1799 “Amen,
807 1725 949 1789 amen!’'
965 1733 1001 1789 et
1010 1728 1165 1790 resonuit

207 1827 302 1884 terra
333 1823 369 1884 in
405 1842 507 1887 voces
543 1822 691 1886 illorum.
758 1822 1010 1905 Superveniens
1049 1833 1164 1889 autem
1177 1847 1309 1898 mosmos

208 1919 393 1985 Scotorum
416 1922 589 1986 exercitus
617 1922 828 1986 exclamavit
859 1921 1047 2004 ‘insigne'³
1079 1923 1163 1988 illud
1176 1898 1243 1938 ‘'¹¹¹'‘
1256 1899 1329 1937 ''⁸²⁸¹‘'

207 2039 424 2102 responsum,
448 2020 617 2097 “Albani,
635 2021 765 2086 Albani
776 2021 807 2084 !'’
841 2028 877 2084 et
899 2040 981 2085 mox
1003 2032 1165 2087 conserta

208 2139 328 2202 pugna
356 2128 450 2194 totus
476 2120 607 2184 clamor
632 2122 816 2203 absorptus
842 2126 906 2184 est.
960 2119 1055 2184 Gens
1082 2141 1164 2186 vero

209 2228 329 2282 nostra
344 2220 473 2284 circum
488 2221 521 2283 le
537 2219 709 2285 Standard
727 2219 938 2300 conglobata
959 2219 1165 2302 persistebat

208 2318 403 2396 immobilis,
438 2327 474 2384 et
508 2320 575 2384 viri
606 2319 779 2400 sagittarii
811 2320 983 2400 equitibus
1016 2319 1164 2386 immixti

208 2417 356 2482 inermes
379 2419 502 2484 Scotos
526 2419 672 2501 sparsim
690 2420 936 2501 penetrabant3
966 2419 1057 2484 inter
1076 2441 1164 2503 quos

208 2536 343 2582 summo
374 2519 460 2582 duce
492 2518 746 2584 Lodonensium
783 2519 842 2599 qui
879 2518 1024 2600 primam
1054 2520 1163 2584 aciem

208 2636 253 2679 ex
286 2625 385 2699 parte
416 2617 596 2682 Scotorum
631 2617 791 2693 habebat,
825 2618 956 2698 sagitta
988 2637 1164 2700 percusso,

209 2718 340 2780 corruit
361 2718 446 2798 ipse,
465 2724 500 2780 et
521 2723 596 2781 tota
618 2736 702 2798 gens
725 2735 788 2780 sua
806 2718 842 2779 in
859 2717 977 2798 fugam
999 2736 1165 2781 conversa

209 2824 273 2879 est.
327 2815 431 2895 Quod
463 2817 582 2880 videns
612 2815 793 2880 Scotorum
825 2818 916 2880 acies
946 2817 1056 2880 altera
1085 2837 1164 2899 quae

209 2935 254 2978 ex
292 2916 438 2980 adverso
472 2917 651 2998 pugnabat
681 2917 846 2979 acerrime
879 2913 1086 2999 ‘expavit,'⁴
1129 2923 1164 2980 et

208 3014 301 3095 fugae
334 3015 515 3080 confestim
543 3015 697 3080 indulsit.
758 3015 903 3096 Regalis
931 3024 1046 3080 autem
1073 3017 1164 3079 acies

210 3133 312 3195 quam
341 3115 415 3196 ipse
442 3135 504 3179 rex
530 3115 646 3179 David
675 3133 720 3177 ex
746 3114 901 3197 plurimis
927 3115 1163 3191 constituerat,

209 3215 311 3276 simul
337 3221 377 3279 ut
405 3214 470 3278 hoc
496 3214 593 3290 vidit,
618 3214 728 3295 primo
751 3213 953 3294 singillatim
982 3221 1017 3277 et
1041 3221 1164 3295 postea

210 3314 413 3377 catervatim
446 3319 624 3396 coeperunt
654 3313 831 3392 aufugere,
864 3332 945 3393 rege
970 3312 1045 3395 jam
1076 3332 1164 3394 pene

210 3413 285 3476 solo
318 3407 574 3491 ‘existente5'⁵
613 3412 706 3494 quod
743 3411 898 3475 videntes
933 3410 1035 3473 amici
1072 3412 1164 3491 regis

210 3520 398 3593 coegerunt
438 3532 516 3576 eum
555 3511 719 3594 sonipede
759 3516 897 3592 arrepto
934 3515 1033 3591 terga
1069 3508 1163 3574 dare.

211 3611 321 3675 Filius
336 3619 454 3676 autern
469 3613 559 3693 regis
574 3599 880 3675 ‘strenuissimus'⁶
896 3628 965 3672 non
982 3609 1163 3674 attendens

209 3711 254 3773 ad
280 3710 366 3788 haec,
390 3712 451 3775 sed
472 3711 537 3775 soli
559 3710 678 3792 gloriae
705 3716 739 3774 et
767 3710 899 3787 virtuti,
926 3709 1011 3774 miro
1032 3710 1163 3792 impetu

209 3811 318 3874 aciem
333 3818 528 3875 nostrorum
541 3810 735 3892 Mpetendo
751 3810 936 3891 percussit,
947 3807 1007 3873 sed
1026 3810 1163 3874 tandem

247 3969 387 4021 'omitted
397 3974 424 4020 in
436 3973 493 4023 MS.
506 3972 573 4022 Coll.
586 3972 657 4023 Arm.
735 3967 746 3999 ⁴
774 3970 904 4030 ‘expavit
932 3969 1033 4031 animo,’
1087 3969 1163 4017 MSS.

701 4039 796 4088 Lansd.
808 4039 859 4086 and
871 4038 938 4087 Cott.
949 4038 1007 4085 Tib.

734 4106 744 4136 ⁵
760 4107 944 4168 ‘persistenta’
956 4106 1014 4155 MS.
1028 4106 1123 4155 Lansd.

246 4175 398 4238 ³‘insigne
441 4175 571 4239 patrium‚’
616 4177 673 4226 MS.
734 4174 769 4206 ⁶‘
776 4177 966 4226 strenuissimus
973 4171 1095 4239 juvenis,'
1106 4175 1162 4226 MS.

213 4244 305 4294 Lansd.
701 4247 794 4297 Lansd.

245 4070 256 4100 ²
272 4073 386 4124 Omitted
398 4076 425 4123 in
436 4075 494 4125 MS.
508 4073 574 4126 Coll.
585 4075 658 4123 Arm.
