3116 4990
406 476 471 540 148
773 489 984 536 canonicor

248 663 396 774 Q
450 713 650 797 Qoaesecerat
663 712 731 776 aa
739 719 811 796 post
826 709 890 793 ejus
906 709 1140 774 decorationem
1154 720 1320 796 autequam

771 809 1000 893 transfretaret.

249 927 391 1016 {lssgudffl
461 935 652 1017 ‘Inprimis
689 952 753 997 rex
791 926 935 996 novus’¹
972 931 1125 995 studium
1161 931 1283 995 babuit
1321 939 1362 995 ut

248 1027 368 1121 ἓξῃῗῆζζ
411 1041 575 1099 vacantes
595 1032 749 1096 ecclesiae
771 1029 987 1095 cathedrales
1001 1029 1046 1092 ad
1065 1030 1141 1112 ejus
1160 1030 1362 1094 instantiam

411 1133 558 1216 propriis
595 1132 785 1213 gauderent
820 1129 1001 1211 episcopis.
1056 1127 1246 1192 Ricardus²
1278 1148 1362 1208 ergo

411 1229 549 1313 ‘regis'³
566 1229 800 1294 thesaurarius
808 1229 843 1291 in
856 1227 1141 1303 Londoniensem‚
1152 1226 1363 1291 Godefridus

413 1327 604 1393 Luciensis⁴
614 1329 650 1391 in
659 1327 945 1402 wintoniensem,
958 1325 1155 1390 Willelmus
1166 1326 1209 1390 de
1221 1325 1362 1407 Longo-

412 1423 553 1541 campo⁵
582 1426 617 1489 in
645 1426 829 1502 Eliensem,
855 1417 1053 1488 Hubertus⁶
1082 1424 1235 1488 Eborum
1259 1425 1362 1488 deca-

413 1547 478 1591 nus
492 1528 528 1590 in
550 1525 841 1600 salesbiriensem,
857 1532 891 1588 et
912 1521 1121 1590 Gaufridus⁷
1143 1523 1250 1587 frater
1268 1524 1362 1604 regis

412 1627 448 1689 in
464 1626 725 1700 Eboracensem,
742 1624 787 1687 ad
801 1623 1001 1688 instantiam
1017 1623 1109 1750 regis
1121 1621 1222 1693 electi
1238 1630 1327 1688 sunt.

516 1757 667 1876 Qoruodo
681 1796 796 1860 ditarit
811 1795 985 1859 Jotaaoum
998 1745 1148 1858 Fratrem
1161 1815 1261 1859 auum.

255 1963 343 2002 m„
308 1961 343 2011 dv
344 1971 367 2000 0.
467 1926 687 1990 Praeterea
657 1946 750 1989 circa
768 1926 792 1991 J
794 1925 964 1989 ohannem
982 1924 1126 1988 fratrem
1141 1945 1241 1989 suum
1256 1928 1363 1991 uteri·

255 2009 406 2101 ῗζξῗῖἱῗῗ·
418 2046 500 2089 num
515 2027 691 2120 egregium
707 2025 897 2088 declaravit
914 2042 1073 2087 amorem
1127 2024 1163 2090 N
1165 2043 1221 2087 am
1237 2036 1366 2108 praeter

255 2113 340 2200 ῗξῗξ“
419 2113 634 2201 Hiberniam,
652 2131 686 2187 et
708 2124 908 2188 comitatum
928 2123 1227 2186 Moritanensem
1218 2143 1254 2188 ιιι
1271 2124 1365 2188 Νοι-

418 2225 566 2300 mannia,
592 2223 783 2304 dequibus
809 2229 988 2304 paternam
1012 2219 1231 2285 traditionem
1253 2230 1366 2288 ratam

417 2322 549 2397 babuit,
571 2322 605 2383 in
628 2341 735 2402 regno
759 2320 952 2402 Anglornm
978 2326 1077 2384 tanta
1098 2321 1150 2384 illi
1173 2319 1301 2405 adjecit
1327 2331 1366 2388 ut

367 2503 369 2508 Δ
418 2421 518 2503 quasi
537 2419 711 2484 tetrarcha
726 2420 910 2484 videretur.
963 2419 1122 2500 Denique
1144 2419 1365 2499 Comubiam,

418 2517 757 2595 ‘Devensobiram,'⁸‹
791 2518 1179 2602 Notynghamschiram,
1214 2519 1365 2583 Loncas-

419 2626 511 2682 trum
522 2638 600 2682 cum
616 2619 798 2702 adjacente
811 2619 1000 2700 provincia,
1016 2623 1120 2698 atque
1135 2617 1205 2682 alia
1219 2619 1366 2700 plurima

418 2717 450 2781 ei
464 2718 507 2781 de
522 2719 616 2800 regio
638 2718 808 2782 dominico
834 2717 980 2781 contulit
991 2713 1018 2794 ;9
1040 2723 1076 2779 et
1091 2715 1367 2782 Gloucestrensis

419 2817 553 2879 comitis
583 2816 690 2879 fiham
710 2836 789 2881 cum
808 2817 1008 2896 integritate
1024 2815 1114 2898 juris
1138 2818 1272 2897 paterni
1294 2837 1366 2881 am·

419 2915 564 2996 piissimi
589 2915 742 2979 fraterna
763 2915 960 2998 provisione
988 2914 1181 2996 despondit.
1233 2916 1367 2980 Verum

420 3013 494 3076 haec
517 3013 592 3097 ejus
614 3015 650 3077 in
670 3014 810 3078 fratrem
833 3014 1059 3078 immoderata
1080 3013 1224 3094 largitas
1256 3017 1367 3083 multa

419 3113 451 3175 ei
481 3112 573 3177 mala
595 3115 753 3196 sequenti
775 3122 930 3197 tempore
961 3112 1107 3195 peperit,
1130 3120 1165 3176 et
1187 3115 1367 3196 profusum

418 3211 616 3292 largitorem
643 3213 812 3295 profunda
833 3211 1047 3295 poenitudine
1069 3212 1265 3293 castigavit,
1288 3217 1370 3296 quia

457 3459 491 3489 ¹⁴
509 3459 630 3521 Inprimis
648 3462 715 3510 enim
733 3476 780 3510 rex
801 3475 882 3511 novus
942 3460 1090 3526 ’Geoilrey
1106 3465 1200 3516 Planta
1201 3474 1284 3531 genet,
1298 3477 1371 3522 natu·

421 3527 560 3588 praedictus
600 3529 762 3593 Richardus,'
824 3531 883 3581 MS.
907 3533 946 3581 ral
963 3547 1008 3582 son
1025 3534 1054 3582 ol
1068 3535 1159 3597 Heni-y
1174 3537 1213 3586 II.
1216 3533 1369 3600 ,Archdea

421 3595 515 3646 Lansd.
908 3617 955 3651 eon
964 3602 995 3650 of
1002 3602 1116 3667 Lincoln,
1126 3609 1290 3660 consecrated
1301 3612 1370 3674 Aug.

456 3663 594 3715 'Richard
618 3666 686 3714 Fitz-
686 3667 779 3729 Naale,
807 3669 882 3718 Dean
909 3675 1035 3734 18,1191

421 3732 450 3780 ol
463 3733 577 3795 Lincoln,
588 3737 750 3785 consecrated
763 3738 828 3787 Dec.
844 3743 882 3788 lt.

453 3799 701 3855 ¹OmittedinMS.
714 3804 780 3855 Ooll.
792 3808 864 3857 Arm.
950 3807 961 3837 ⁸
987 3810 1261 3876 ‘Davenesebiram
1314 3817 1372 3868 MS.

419 3863 639 3993 tedaodfmyde
653 3873 734 3938 Lucy,
751 3890 882 3927 consecra-
908 3878 1003 3928 Lansd.

475 3942 533 3990 Nov
556 3947 568 3990 l

454 4009 465 4040 ⁵
481 4011 593 4062 William
609 4013 781 4077 longchamp,
797 4029 883 4065 conse·
942 4015 953 4047 ⁹
969 4017 1024 4066 'l’he
1038 4017 1113 4068 landa
1128 4019 1188 4068 thur
1199 4021 1330 4072 bestowed
1341 4039 1374 4072 on

417 4081 505 4130 crated
517 4082 582 4131 Dec.
595 4086 636 4131 ³1.
909 4085 1002 4135 Princo
1013 4088 1083 4136 John
1094 4089 1229 4138 amounted
1240 4095 1267 4139 to
1277 4107 1310 4140 no
1321 4093 1374 4142 leae

454 4147 465 4180 ⁸
490 4150 592 4200 Hubert
620 4152 726 4215 Walter,
754 4153 829 4202 Dean
857 4154 886 4202 os
908 4155 970 4204 than
989 4170 1005 4205 a
1023 4157 1092 4206 third
1111 4163 1169 4219 part
1186 4159 1216 4208 ol
1231 4159 1275 4208 the
1292 4163 1373 4212 antire

420 4218 501 4281 York,
512 4220 609 4270 elected
620 4221 691 4283 Sept.
701 4226 742 4274 15.
907 4225 1040 4287 kingdom.

1537 4343 1544 4951 l
