3132 4996
287 653 387 702 Stephon.

275 702 301 741 A.
312 703 337 742 D.
346 705 395 742 1144

422 469 467 532 68
713 538 717 547 ,
797 487 1004 535 canonicos

427 643 463 703 in
490 641 635 705 ecclesia
661 639 703 703 de
727 640 899 704 Coventre
922 639 1062 721 quidam
1091 656 1274 720 perversus
1302 637 1375 701 Ro-

259 732 410 766 ....-.;
429 741 547 804 bertus
559 745 568 774 ‘
580 736 796 815 Marmionfl
813 739 866 802 vir
877 737 1062 801 bellicosus
1077 743 1111 800 et
1126 744 1298 811 strenuus,
1317 737 1377 817 qui

272 3603 366 3651 Stephon
378 3604 412 3642 be·

273 3653 341 3700 elegen
352 3654 389 3691 tbe

429 839 518 902 inter
533 857 673 902 suorum
688 856 815 901 cuncos
833 856 947 900 coram
964 838 1039 917 ipso
1057 835 1266 899 monasterio
1281 834 1376 897 solus

430 937 631 1001 interfectus
647 943 712 1012 cst,
730 944 766 999 et
785 936 1103 998 excommunicatus
1117 934 1269 1006 interiit3
1294 933 1376 995 dum

431 1043 547 1099 autem
589 1035 735 1098 ecclesia
765 1034 827 1100 illa
860 1053 923 1115 pro
953 1032 1095 1096 castello
1135 1037 1321 1107 teneretur,
1355 1050 1377 1093 a

431 1133 619 1216 parietibus
637 1132 790 1197 ecclesias
813 1139 848 1195 ct
870 1132 1013 1195 claustri
1029 1130 1218 1214 adjacentis
1236 1129 1376 1210 sanguis

432 1232 600 1308 ebullivit,
618 1231 709 1312 quod
736 1231 836 1293 multi
853 1229 1023 1306 viderunt,
1046 1235 1080 1292 et
1102 1229 1167 1292 hoo
1191 1247 1229 1291 se
1251 1228 1377 1293 vidisse

432 1336 581 1392 testatur
601 1331 637 1392 in
661 1329 831 1392 chronicis
857 1329 928 1391 suis
944 1328 1118 1391 Henricus
1139 1327 1181 1390 de
1197 1325 1376 1406 Hunting·

432 1428 544 1491 done:
575 1428 656 1508 quia
681 1423 786 1507 igitur
803 1428 949 1508 improbi
971 1426 1023 1516 illi
1048 1427 1161 1489 Deum
1183 1426 1282 1507 quasi
1296 1425 1376 1489 dor-

433 1525 518 1588 mire
532 1525 705 1601 dicebant,
720 1527 893 1589 excitatus
911 1533 964 1588 est
976 1525 1083 1600 Deus,
1098 1531 1133 1588 et
1147 1525 1183 1587 in
1198 1523 1263 1587 hoc
1277 1525 1378 1605 signo

434 1630 470 1687 ot
492 1625 528 1686 in
544 1623 751 1704 significato.
804 1623 971 1706 Princeps
995 1623 1085 1687 enim
1110 1623 1262 1704 peditum
1289 1641 1378 1704 prae-

433 1721 517 1785 dicti
538 1721 698 1786 Gaufridi
719 1721 856 1786 nomine
877 1723 1069 1805 Reynerus,
1099 1721 1199 1804 cujus
1222 1719 1379 1785 ¹officium

433 1819 549 1883 fuerat
565 1820 727 1884 ecclesias
743 1821 903 1902 frangere
918 1821 983 1889 vel¹
994 1820 1185 1896 incendere,
1200 1820 1281 1883 dum
1300 1827 1381 1901 post

434 1926 580 1984 mortem
611 1919 740 1982 domini
772 1920 827 1982 sui
858 1940 937 1982 cum
967 1938 1078 1983 uxore
1101 1938 1165 1982 sna
1197 1925 1232 1981 et
1260 1918 1380 2000 praeda

434 2018 546 2082 multa
576 2036 670 2081 mare
699 2018 845 2081 transire
868 2018 994 2096 ¹vellet,
1025 2023 1207 2098 essentque
1238 2019 1281 2079 in
1308 2016 1379 2081 alto

436 2118 535 2193 mari,
550 2136 633 2181 mox
655 2117 782 2179 ibidem
798 2116 897 2181 affuit
917 2117 1047 2197 digitus
1062 2115 1147 2189 Dei;
1173 2117 1273 2181 navis
1288 2116 1379 2178 enim

421 2215 473 2277 ·in
494 2234 563 2296 qua
585 2215 1002 2279 vehebantur·imm0bilis
1027 2214 1119 2278 facta
1137 2221 1202 2291 est,
1217 2216 1380 2296 stetitque

438 2313 537 2394 quasi
561 2320 726 2376 caemento
742 2313 871 2390 infixa3
896 2314 988 2396 quod
1015 2320 1204 2376 monstrum
1226 2312 1382 2378 videntes

436 2416 552 2473 nautae
577 2411 776 2487 timuerunt,
799 2420 834 2477 et
859 2413 1059 2479 sorte'data
1087 2413 1135 2475 rei
1161 2431 1301 2476 causam
1330 2413 1382 2474 in-

436 2510 597 2590 quirunt;
632 2507 823 2592 ceciditque
845 2531 919 2576 sors
945 2531 1048 2594 super
1073 2513 1283 2594 Reynerum,
1312 2531 1381 2594 quo

435 2609 701 2685 contradicente,
716 2611 841 2673 iterum
864 2611 1016 2674 secundo
1039 2618 1074 2673 et
1093 2612 1194 2674 tertio
1218 2630 1294 2676 sors
1318 2630 1382 2692 ap-

436 2707 566 2789 plicata
588 2708 726 2773 devenit
744 2710 780 2771 in
803 2728 894 2787 eum,
909 2711 1109 2792 positusque
1129 2717 1184 2774 est
1200 2710 1236 2772 in
1252 2710 1382 2792 scapha

437 2825 515 2868 cum
543 2826 664 2884 uxore,
693 2815 729 2872 et
754 2810 902 2890 pecunia
932 2809 1173 2872 scelestissime
1197 2809 1382 2890 adquisita,

437 2913 473 2968 ct
498 2905 614 2968 statim
643 2907 719 2988 ipsa
744 2908 842 2970 navis
867 2915 908 2972 ut
930 2909 1026 2989 prius
1050 2927 1153 2971 cursu
1167 2907 1383 2972 velocissimo

437 3003 583 3084 pelagus
606 3004 738 3068 ‘sulcat
749 3003 788 3068 θ’
814 3007 945 3089 scapha
960 3026 1042 3070 vero
1057 3026 1136 3069 cum
1152 3006 1221 3069 illis
1243 3007 1382 3088 nequis-

436 3101 532 3168 simis
561 3091 677 3167 subita
703 3105 868 3185 voragine
894 3105 1129 3170 circumducta
1157 3105 1192 3167 in
1217 3111 1383 3168 aeternum

438 3202 602 3284 absorpta
618 3208 681 3266 ost.
714 3237 716 3242 ·

589 3428 738 3511 operarii
753 3428 847 3512 Rapis
860 3427 952 3492 occid
965 3435 1037 3491 sumt
1052 3425 1232 3491 Ltcoobtae.

491 3595 594 3659 Nono
620 3615 709 3660 anno
734 3598 833 3677 regni
858 3598 912 3660 sui
937 3618 998 3661 rex
1025 3597 1221 3679 Stephanus
1252 3595 1388 3660 obsedit

275 3702 325 3740 1¹:⁸11
334 3701 426 3740 0101121-
441 3691 676 3757 Lincolniam:
701 3695 929 3758 comesenim
953 3695 1143 3774 Cestrensis
1170 3695 1281 3758 tenuit
1309 3713 1386 3758 cas-

274 3755 307 3789 ter
315 3751 337 3790 in
347 3751 396 3789 Lin-

275 3800 322 3840 coln
331 3801 407 3840 castis.

439 3789 558 3852 tellum
589 3811 665 3854 cum
695 3793 798 3867 villa;
840 3812 903 3856 rex
933 3814 1017 3859 vero
1046 3814 1124 3858 cum
1160 3794 1383 3857 munitionem

440 3896 561 3953 contra
598 3889 777 3955 castellum
817 3899 1015 3957 construere
1045 3893 1160 3970 vellet,
1191 3892 1389 3973 multosque

440 3988 583 4053 baberet
609 3990 735 4055 ibidem
763 3991 951 4073 operarios
978 3994 1113 4074 egressi¹
1135 3999 1216 4056 sunt
1240 3992 1389 4054 latenter

474 4210 482 4241 ¹
499 4212 670 4276 ‘Massam’
682 4213 739 4263 us
751 4212 817 4263 con.
829 4213 900 4264 nrm.
938 4201 942 4208 ’
971 4209 1176 4276 ’<ρειπαηεῡι,’
1188 4213 1244 4264 us,
1258 4213 1352 4262 unsa.
