3132 4988
429 465 494 534 162
719 525 722 530 .
794 483 1004 532 cuaoruoon

281 660 404 750 yffi}
429 644 582 708 ‘modice
605 641 822 708 laborabat*
849 644 988 726 exigere
1011 661 1081 707 non
1102 640 1238 707 debere.
1285 642 1383 728 Adjiae

268 737 418 776 ··'··‘···'-
431 745 544 809 ciebat
566 744 672 808 etiam
700 763 737 808 se
765 751 801 808 et
825 743 935 819 illurn,
962 761 1041 806 curn
1068 744 1380 825 peregrinationem

430 845 633 928 arriperent,
651 844 841 908 Saracenos
857 843 1073 907 solummodo
1091 844 1326 925 aggrediendi,
1344 854 1382 908 et

431 945 474 1008 ab
505 946 555 1008 eis
589 952 756 1028 quantum
791 951 932 1026 possent
966 943 1042 1008 Deo
1073 944 1225 1026 propitio
1258 952 1379 1009 extor-

430 1045 556 1127 quendi
592 1045 819 1108 intentionem
860 1042 1033 1120 habuisse,
1072 1050 1108 1109 et
1141 1041 1249 1125 juxta
1289 1044 1381 1108 hanc

429 1145 655 1209 intentionem
687 1150 828 1226 pactum
858 1142 901 1206 de
929 1142 1160 1227 adquisitione
1194 1143 1380 1208 dividenda

430 1245 671 1309 constituisse:
694 1262 797 1326 porro
823 1261 860 1305 se
881 1242 1114 1306 Christianam
1137 1242 1287 1306 insulam
1307 1264 1376 1306 non

431 1363 475 1406 ex
509 1344 700 1408 intentione
729 1342 868 1419 adiisse,
905 1342 965 1406 sed
993 1342 1184 1406 incidenter
1208 1342 1252 1406 ad
1286 1363 1376 1421 eam,

430 1462 537 1506 causa
558 1442 764 1506 ulciscendae
785 1442 913 1506 atrocis
934 1448 969 1505 et
992 1441 1104 1505 adhuc
1124 1441 1305 1523 flagrantis
1322 1445 1375 1506 in-

424 1541 542 1625 juriae,
567 1542 759 1612 divertisse.
805 1541 886 1605 Hoc
910 1541 1012 1606 modo
1043 1541 1301 1607 altercabantur
1331 1543 1376 1606 ad

429 1643 590 1718 invicem,
618 1650 654 1706 et
672 1661 734 1705 rex
756 1641 894 1723 quidem
918 1639 1111 1722 Anglorum
1134 1642 1376 1726 adquisitionis

427 1741 521 1806 illius
538 1741 757 1806 medietatem
771 1741 882 1804 modis
899 1742 1056 1805 omnibus
1079 1741 1285 1824 denegabat,
1312 1763 1376 1808 rex

429 1861 511 1906 vero
545 1841 754 1908 Francorum
785 1841 899 1923 ipsum
925 1842 1019 1923 rupti
1047 1841 1185 1906 foederis
1216 1849 1251 1907 et
1281 1844 1378 1924 pacti

428 1941 517 2006 irriti
549 1942 728 2025 arguebat.
779 1938 862 2005 Alia
890 1960 1029 2024 quoque
1062 1942 1152 2006 inter
1182 1960 1242 2006 eos
1273 1942 1375 2006 dissi-

263 2057 353 2105 comn
430 2041 532 2105 dendi
549 2061 656 2107 causa
672 2041 831 2119 emersit;
859 2041 1011 2105 marchio
1034 2040 1077 2105 de
1094 2041 1375 2121 Monte-ferrato,

265 2109 411 2200 bilbili*
429 2141 481 2206 vir
516 2142 607 2206 inter
636 2143 766 2225 primos
804 2139 956 2205 Romani
990 2141 1125 2223 imperii
1160 2161 1308 2223 magnus
1340 2151 1377 2208 et

428 2248 564 2324 potens,
585 2249 624 2306 ut
645 2240 882 2324 supradictum
906 2248 970 2317 est,
992 2248 1072 2323 post
1094 2247 1232 2323 captam
1252 2241 1375 2306 Ptolo-

428 2341 578 2406 maidam
604 2341 733 2424 Tyrum
756 2343 932 2422 ingressus
955 2341 1087 2404 invenit
1110 2359 1227 2404 omnes
1248 2341 1376 2424 Tyrios

428 2442 463 2503 in
486 2441 721 2505 moestitudine
739 2447 844 2523 atque
861 2440 1040 2504 formidine
1061 2441 1112 2503 ita
1129 2441 1309 2518 attonitos,
1325 2451 1375 2519 ut,

428 2541 552 2604 animis
566 2541 758 2616 labefactis
772 2539 936 2604 Saladino
952 2559 1035 2603 mox
1051 2539 1201 2605 adfuturo
1216 2544 1376 2625 exemplo

429 2639 702 2714 Ptolomensium
750 2640 926 2703 civitatem
973 2639 1110 2704 tradere
1153 2640 1374 2722 cogitarent:

427 2759 546 2804 verum
580 2741 623 2804 ad
656 2741 744 2805 tanti
776 2739 921 2822 hospitis
957 2739 1163 2820 ingressum,
1197 2750 1375 2824 resumpto

426 2839 680 2921 aliquantulum
713 2839 849 2922 spiritu,
883 2839 959 2922 ejus
993 2839 1123 2903 salubri
1160 2859 1198 2904 se
1230 2842 1376 2906 consilio

426 2938 653 3003 crediderunt.
706 2938 773 3002 Ille
788 2957 870 3002 vero
885 2958 963 3004 cum
986 2946 1077 3004 esset
1096 2939 1246 3020 prudens
1268 2949 1376 3024 atque

426 3039 666 3119 magnanimus
696 3057 814 3103 omnes
844 3058 866 3101 a
897 3039 1037 3102 minimo
1061 3057 1172 3122 usque
1195 3040 1240 3112 ad
1259 3043 1375 3105 maxi«

426 3156 518 3201 mum
542 3145 758 3203 sacramento
775 3138 950 3215 astrinxit,
965 3146 1005 3203 ut
1022 3137 1054 3202 ei
1075 3139 1226 3203 omnium
1254 3160 1374 3205 curam

367 3267 372 3274 ·
425 3239 542 3318 agenti
569 3239 715 3304 fideliter
739 3245 901 3320 parerent
926 3239 962 3300 in
989 3238 1167 3317 omnibus;
1198 3241 1376 3322 sapienter

425 3338 582 3418 allegans
602 3339 686 3402 nihil
701 3339 760 3420 agi
777 3357 891 3420 posse,
908 3336 975 3400 nisi
989 3339 1055 3401 sub
1073 3337 1201 3402 ‘uno'²
1218 3340 1375 3423 principe

425 3444 460 3499 et
476 3439 651 3519 provisore
668 3439 783 3502 cuncti
802 3443 919 3500 esseut
934 3438 1124 3501 unanimes.
1170 3438 1317 3516 Verum,
1334 3448 1375 3504 ut

424 3538 661 3618 supradictum
676 3545 740 3614 est,
758 3557 836 3600 cum
852 3537 896 3600 ab
918 3536 1097 3601 obsidione
1120 3537 1275 3602 Saladini
1290 3541 1375 3604 civi-

424 3640 532 3697 tatem
546 3635 736 3711 liberasset,
747 3633 882 3700 Guido³
897 3654 959 3698 rex
969 3633 990 3699 J
994 3637 1279 3720 erosolymorum‚
1294 3659 1376 3703 cum

461 3747 630 3810 ¹‘'n0dieun
659 3763 800 3826 laboravit,’
829 3764 886 3813 MS.
914 3765 1299 3826 bouillontheflrst‘chriruan
1312 3768 1377 3829 king

425 3831 520 3882 Lausd.
911 3835 941 3882 os
963 3835 1117 3899 Jerusalem,
1144 3837 1195 3885 aud
1223 3837 1269 3886 she
1296 3838 1376 3900 being

421 3987 423 3994 s
458 3917 629 3997 ‘huwe'
645 3935 722 3986 MSS·
735 3935 884 3989 eornm.
909 3903 987 4022 till
1008 3904 1377 4027 titubabit-¹2·

422 4005 472 4053 and
485 4004 551 4055 (Μ’
561 4006 618 4056 Tib·
909 4047 957 4105 ter,
968 4009 1123 4094 maintained
1140 4045 1195 4093 that
1210 4045 1253 4095 the
1265 4047 1333 4109 right
1343 3995 1381 4097 ¹ol*

426 4133 428 4140 v
456 4105 545 4169 ’Gay
563 4107 592 4157 os
611 4109 741 4172 lusignan
763 4111 824 4159 held
841 4111 884 4160 the
909 4112 1008 4174 Guyto
1021 4114 1065 4162 the
1082 4115 1171 4163 throne
1188 4115 1239 4163 had
1257 4119 1377 4180 expired,

420 4190 504 4226 crown
523 4179 549 4226 in
568 4179 636 4240 right
646 4180 675 4227 of·
688 4179 728 4229 his
744 4181 813 4242 wile,
825 4180 883 4230 who
908 4183 958 4231 and
970 4182 1026 4231 that
1043 4185 1085 4232 the
1105 4189 1204 4245 sceptre
1221 4186 1251 4234 ol
1268 4187 1378 4237 Jerusa-

420 4261 474 4295 was
486 4261 502 4294 a
512 4247 667 4298 descendant
682 4251 712 4297 or'
724 4249 838 4312 Godtrey
850 4251 882 4300 de
907 4253 957 4301 lem
969 4253 1093 4302 devolved
1104 4269 1138 4302 ou
1148 4254 1258 4304 himself.
