<?xml version="1.0" encoding="UTF-8"?>
<!DOCTYPE html PUBLIC "-//W3C//DTD XHTML 1.0 Transitional//EN"
    "http://www.w3.org/TR/xhtml1/DTD/xhtml1-transitional.dtd">
<html xmlns="http://www.w3.org/1999/xhtml" xml:lang="en" lang="en">
 <head>
  <title>
</title>
<meta http-equiv="Content-Type" content="text/html;charset=utf-8" />
  <meta name='ocr-system' content='tesseract 3.04.00' />
  <meta name='ocr-capabilities' content='ocr_page ocr_carea ocr_par ocr_line ocrx_word'/>
</head>
<body>
  <div class='ocr_page' id='page_1' title='image "./chronicondomini01hamigoog_0362.png"; bbox 0 0 3132 4988; ppageno 0'>
   <div class='ocr_carea' id='block_1_1' title="bbox 286 679 414 770">
    <p class='ocr_par' dir='ltr' id='par_1_1' title="bbox 286 679 414 770">
     <span class='ocr_line' id='line_1_1' title="bbox 287 679 414 729; baseline 0 -9"><span class='ocrx_word' id='word_1_1' title='bbox 287 681 360 729; x_wconf 73' lang='lat' dir='ltr'><strong>fleury</strong></span> <span class='ocrx_word' id='word_1_2' title='bbox 371 679 414 720; x_wconf 85' lang='lat'>111.</span> 
     </span>
     <span class='ocr_line' id='line_1_2' title="bbox 286 730 413 770; baseline -0.008 0"><span class='ocrx_word' id='word_1_3' title='bbox 286 731 312 770; x_wconf 78' lang='lat' dir='ltr'><strong>A.</strong></span> <span class='ocrx_word' id='word_1_4' title='bbox 320 731 346 770; x_wconf 90' lang='lat' dir='ltr'><strong>D.</strong></span> <span class='ocrx_word' id='word_1_5' title='bbox 358 730 413 769; x_wconf 75' lang='lat' dir='ltr'><strong>ms.</strong></span> 
     </span>
    </p>
   </div>
   <div class='ocr_carea' id='block_1_2' title="bbox 273 811 386 900">
    <p class='ocr_par' dir='ltr' id='par_1_2' title="bbox 273 811 386 900">
     <span class='ocr_line' id='line_1_3' title="bbox 273 811 386 850; baseline -0.009 0"><span class='ocrx_word' id='word_1_6' title='bbox 273 811 319 850; x_wconf 75' lang='lat' dir='ltr'><strong>Tne</strong></span> <span class='ocrx_word' id='word_1_7' title='bbox 328 811 386 849; x_wconf 82' lang='lat' dir='ltr'><strong>llrtle</strong></span> 
     </span>
     <span class='ocr_line' id='line_1_4' title="bbox 274 861 350 900; baseline 0 -2"><span class='ocrx_word' id='word_1_8' title='bbox 274 872 317 900; x_wconf 72' lang='lat' dir='ltr'><strong>wer</strong></span> <span class='ocrx_word' id='word_1_9' title='bbox 326 861 350 898; x_wconf 90' lang='lat' dir='ltr'><strong>ol</strong></span> 
     </span>
    </p>
   </div>
   <div class='ocr_carea' id='block_1_3' title="bbox 274 911 379 960">
    <p class='ocr_par' dir='ltr' id='par_1_3' title="bbox 274 911 379 960">
     <span class='ocr_line' id='line_1_5' title="bbox 274 911 379 960; baseline 0 -10"><span class='ocrx_word' id='word_1_10' title='bbox 274 911 379 960; x_wconf 54' lang='lat' dir='ltr'><strong>chalons„</strong></span> 
     </span>
    </p>
   </div>
   <div class='ocr_carea' id='block_1_4' title="bbox 433 487 1020 556">
    <p class='ocr_par' dir='ltr' id='par_1_4' title="bbox 433 487 1020 556">
     <span class='ocr_line' id='line_1_6' title="bbox 433 487 1020 556; baseline -0.014 0"><span class='ocrx_word' id='word_1_11' title='bbox 433 487 500 556; x_wconf 81' lang='lat'><strong>338</strong></span> <span class='ocrx_word' id='word_1_12' title='bbox 811 499 1020 550; x_wconf 82' lang='lat' dir='ltr'><strong>onnourcon</strong></span> 
     </span>
    </p>
   </div>
   <div class='ocr_carea' id='block_1_5' title="bbox 436 657 1389 2111">
    <p class='ocr_par' dir='ltr' id='par_1_5' title="bbox 436 657 1389 2111">
     <span class='ocr_line' id='line_1_7' title="bbox 436 657 1389 742; baseline -0.004 -16"><span class='ocrx_word' id='word_1_13' title='bbox 436 670 529 726; x_wconf 85' lang='lat' dir='ltr'><strong>terra</strong></span> <span class='ocrx_word' id='word_1_14' title='bbox 554 677 638 738; x_wconf 79' lang='lat' dir='ltr'><strong>sna3</strong></span> <span class='ocrx_word' id='word_1_15' title='bbox 670 659 730 742; x_wconf 92' lang='lat' dir='ltr'><strong>qui</strong></span> <span class='ocrx_word' id='word_1_16' title='bbox 756 659 902 742; x_wconf 78' lang='lat' dir='ltr'>gloriam</span> <span class='ocrx_word' id='word_1_17' title='bbox 935 677 1009 722; x_wconf 73' lang='lat' dir='ltr'><strong>sues</strong></span> <span class='ocrx_word' id='word_1_18' title='bbox 1041 657 1155 722; x_wconf 91' lang='lat' dir='ltr'><strong>laudis</strong></span> <span class='ocrx_word' id='word_1_19' title='bbox 1187 659 1389 723; x_wconf 88' lang='lat' dir='ltr'><strong>imminuere</strong></span> 
     </span>
     <span class='ocr_line' id='line_1_8' title="bbox 437 751 1389 842; baseline -0.004 -18"><span class='ocrx_word' id='word_1_20' title='bbox 437 761 569 836; x_wconf 88' lang='lat' dir='ltr'><strong>nolens,</strong></span> <span class='ocrx_word' id='word_1_21' title='bbox 584 760 666 824; x_wconf 88' lang='lat' dir='ltr'><strong>licet</strong></span> <span class='ocrx_word' id='word_1_22' title='bbox 679 759 969 842; x_wconf 79' lang='lat' dir='ltr'><strong>peregrinationis</strong></span> <span class='ocrx_word' id='word_1_23' title='bbox 984 777 1057 821; x_wconf 88' lang='lat' dir='ltr'><strong>suae</strong></span> <span class='ocrx_word' id='word_1_24' title='bbox 1079 751 1221 821; x_wconf 81' lang='lat' dir='ltr'><strong>oausam</strong></span> <span class='ocrx_word' id='word_1_25' title='bbox 1241 767 1389 841; x_wconf 86' lang='lat' dir='ltr'><strong>praeten-</strong></span> 
     </span>
     <span class='ocr_line' id='line_1_9' title="bbox 437 856 1385 942; baseline -0.004 -18"><span class='ocrx_word' id='word_1_26' title='bbox 437 861 518 924; x_wconf 90' lang='lat' dir='ltr'><strong>dere</strong></span> <span class='ocrx_word' id='word_1_27' title='bbox 533 867 650 942; x_wconf 86' lang='lat' dir='ltr'><strong>posset</strong></span> <span class='ocrx_word' id='word_1_28' title='bbox 664 866 698 922; x_wconf 89' lang='lat' dir='ltr'><strong>et</strong></span> <span class='ocrx_word' id='word_1_29' title='bbox 721 877 901 934; x_wconf 81' lang='lat' dir='ltr'><strong>excusare,</strong></span> <span class='ocrx_word' id='word_1_30' title='bbox 920 858 1031 921; x_wconf 90' lang='lat' dir='ltr'><strong>noluit</strong></span> <span class='ocrx_word' id='word_1_31' title='bbox 1045 863 1173 934; x_wconf 85' lang='lat' dir='ltr'><strong>tamen,</strong></span> <span class='ocrx_word' id='word_1_32' title='bbox 1192 856 1252 922; x_wconf 89' lang='lat' dir='ltr'><strong>sed</strong></span> <span class='ocrx_word' id='word_1_33' title='bbox 1276 859 1385 921; x_wconf 91' lang='lat' dir='ltr'><strong>liben-</strong></span> 
     </span>
     <span class='ocr_line' id='line_1_10' title="bbox 438 956 1386 1040; baseline -0.004 -16"><span class='ocrx_word' id='word_1_34' title='bbox 438 967 492 1024; x_wconf 85' lang='lat' dir='ltr'><strong>ter</strong></span> <span class='ocrx_word' id='word_1_35' title='bbox 517 959 700 1035; x_wconf 82' lang='lat' dir='ltr'><strong>concessit,</strong></span> <span class='ocrx_word' id='word_1_36' title='bbox 718 965 753 1022; x_wconf 89' lang='lat' dir='ltr'><strong>et</strong></span> <span class='ocrx_word' id='word_1_37' title='bbox 767 956 1033 1040; x_wconf 85' lang='lat' dir='ltr'><strong>praeconizatum</strong></span> <span class='ocrx_word' id='word_1_38' title='bbox 1062 964 1116 1020; x_wconf 89' lang='lat' dir='ltr'><strong>est</strong></span> <span class='ocrx_word' id='word_1_39' title='bbox 1139 976 1224 1021; x_wconf 90' lang='lat' dir='ltr'><strong>voce</strong></span> <span class='ocrx_word' id='word_1_40' title='bbox 1247 957 1386 1040; x_wconf 86' lang='lat' dir='ltr'><strong>publica</strong></span> 
     </span>
     <span class='ocr_line' id='line_1_11' title="bbox 438 1053 1385 1140; baseline -0.002 -20"><span class='ocrx_word' id='word_1_41' title='bbox 438 1057 529 1140; x_wconf 92' lang='lat' dir='ltr'><strong>quod</strong></span> <span class='ocrx_word' id='word_1_42' title='bbox 550 1056 744 1121; x_wconf 87' lang='lat' dir='ltr'><strong>Edwardus</strong></span> <span class='ocrx_word' id='word_1_43' title='bbox 759 1077 835 1120; x_wconf 89' lang='lat' dir='ltr'><strong>cnm</strong></span> <span class='ocrx_word' id='word_1_44' title='bbox 859 1053 1048 1137; x_wconf 78' lang='lat' dir='ltr'><strong>peregrinis</strong></span> <span class='ocrx_word' id='word_1_45' title='bbox 1070 1055 1142 1118; x_wconf 89' lang='lat' dir='ltr'><strong>suis</strong></span> <span class='ocrx_word' id='word_1_46' title='bbox 1164 1063 1299 1138; x_wconf 89' lang='lat' dir='ltr'><strong>partem</strong></span> <span class='ocrx_word' id='word_1_47' title='bbox 1314 1065 1385 1120; x_wconf 87' lang='lat' dir='ltr'><strong>tor·</strong></span> 
     </span>
     <span class='ocr_line' id='line_1_12' title="bbox 439 1153 1385 1232; baseline -0.002 -13"><span class='ocrx_word' id='word_1_48' title='bbox 439 1156 612 1221; x_wconf 86' lang='lat' dir='ltr'><strong>neamenti</strong></span> <span class='ocrx_word' id='word_1_49' title='bbox 627 1162 758 1220; x_wconf 88' lang='lat' dir='ltr'><strong>teneret</strong></span> <span class='ocrx_word' id='word_1_50' title='bbox 769 1161 890 1219; x_wconf 91' lang='lat' dir='ltr'><strong>contra</strong></span> <span class='ocrx_word' id='word_1_51' title='bbox 906 1173 1024 1218; x_wconf 89' lang='lat' dir='ltr'><strong>omnes</strong></span> <span class='ocrx_word' id='word_1_52' title='bbox 1034 1153 1198 1218; x_wconf 83' lang='lat' dir='ltr'><strong>advenire</strong></span> <span class='ocrx_word' id='word_1_53' title='bbox 1211 1155 1385 1232; x_wconf 83' lang='lat' dir='ltr'><strong>volentes3</strong></span> 
     </span>
     <span class='ocr_line' id='line_1_13' title="bbox 439 1253 1387 1336; baseline -0.002 -17"><span class='ocrx_word' id='word_1_54' title='bbox 439 1262 684 1320; x_wconf 87' lang='lat' dir='ltr'><strong>concurrerunt</strong></span> <span class='ocrx_word' id='word_1_55' title='bbox 699 1255 817 1336; x_wconf 89' lang='lat' dir='ltr'><strong>itaque</strong></span> <span class='ocrx_word' id='word_1_56' title='bbox 830 1253 931 1316; x_wconf 89' lang='lat' dir='ltr'><strong>multi</strong></span> <span class='ocrx_word' id='word_1_57' title='bbox 945 1273 990 1316; x_wconf 87' lang='lat' dir='ltr'><strong>ex</strong></span> <span class='ocrx_word' id='word_1_58' title='bbox 1005 1254 1099 1318; x_wconf 92' lang='lat' dir='ltr'><strong>omni</strong></span> <span class='ocrx_word' id='word_1_59' title='bbox 1116 1261 1215 1336; x_wconf 86' lang='lat' dir='ltr'><strong>perte</strong></span> <span class='ocrx_word' id='word_1_60' title='bbox 1235 1255 1387 1335; x_wconf 87' lang='lat' dir='ltr'><strong>regionis</strong></span> 
     </span>
     <span class='ocr_line' id='line_1_14' title="bbox 439 1353 1385 1436; baseline -0.004 -18"><span class='ocrx_word' id='word_1_61' title='bbox 439 1355 545 1431; x_wconf 88' lang='lat' dir='ltr'><strong>illius,</strong></span> <span class='ocrx_word' id='word_1_62' title='bbox 560 1355 652 1418; x_wconf 87' lang='lat' dir='ltr'><strong>inter</strong></span> <span class='ocrx_word' id='word_1_63' title='bbox 667 1373 755 1436; x_wconf 91' lang='lat' dir='ltr'><strong>quos</strong></span> <span class='ocrx_word' id='word_1_64' title='bbox 769 1353 945 1436; x_wconf 88' lang='lat' dir='ltr'><strong>pedestres</strong></span> <span class='ocrx_word' id='word_1_65' title='bbox 962 1353 1063 1416; x_wconf 90' lang='lat' dir='ltr'><strong>multi</strong></span> <span class='ocrx_word' id='word_1_66' title='bbox 1078 1360 1113 1416; x_wconf 90' lang='lat' dir='ltr'><strong>et</strong></span> <span class='ocrx_word' id='word_1_67' title='bbox 1125 1353 1229 1416; x_wconf 88' lang='lat' dir='ltr'><strong>etiam</strong></span> <span class='ocrx_word' id='word_1_68' title='bbox 1245 1353 1385 1434; x_wconf 86' lang='lat' dir='ltr'><strong>quidam</strong></span> 
     </span>
     <span class='ocr_line' id='line_1_15' title="bbox 440 1452 1384 1537; baseline -0.003 -20"><span class='ocrx_word' id='word_1_69' title='bbox 440 1463 619 1535; x_wconf 86' lang='lat' dir='ltr'><strong>equestres</strong></span> <span class='ocrx_word' id='word_1_70' title='bbox 644 1452 816 1537; x_wconf 80' lang='lat' dir='ltr'><strong>conjurati</strong></span> <span class='ocrx_word' id='word_1_71' title='bbox 841 1460 925 1515; x_wconf 87' lang='lat' dir='ltr'><strong>sunt</strong></span> <span class='ocrx_word' id='word_1_72' title='bbox 950 1452 996 1515; x_wconf 88' lang='lat' dir='ltr'><strong>ad</strong></span> <span class='ocrx_word' id='word_1_73' title='bbox 1026 1452 1174 1516; x_wconf 86' lang='lat' dir='ltr'><strong>invicem</strong></span> <span class='ocrx_word' id='word_1_74' title='bbox 1197 1452 1234 1514; x_wconf 90' lang='lat' dir='ltr'><strong>in</strong></span> <span class='ocrx_word' id='word_1_75' title='bbox 1256 1452 1384 1534; x_wconf 86' lang='lat' dir='ltr'><strong>spolia-</strong></span> 
     </span>
     <span class='ocr_line' id='line_1_16' title="bbox 440 1550 1386 1633; baseline -0.002 -17"><span class='ocrx_word' id='word_1_76' title='bbox 440 1553 567 1616; x_wconf 87' lang='lat' dir='ltr'><strong>tionem</strong></span> <span class='ocrx_word' id='word_1_77' title='bbox 596 1550 791 1633; x_wconf 85' lang='lat' dir='ltr'><strong>Anglorum</strong></span> <span class='ocrx_word' id='word_1_78' title='bbox 828 1569 901 1633; x_wconf 88' lang='lat' dir='ltr'><strong>prae</strong></span> <span class='ocrx_word' id='word_1_79' title='bbox 936 1551 1096 1615; x_wconf 85' lang='lat' dir='ltr'><strong>manibus</strong></span> <span class='ocrx_word' id='word_1_80' title='bbox 1127 1550 1316 1615; x_wconf 87' lang='lat' dir='ltr'><strong>vendentes</strong></span> <span class='ocrx_word' id='word_1_81' title='bbox 1351 1558 1386 1614; x_wconf 87' lang='lat' dir='ltr'><strong>et</strong></span> 
     </span>
     <span class='ocr_line' id='line_1_17' title="bbox 440 1650 1387 1732; baseline -0.002 -18"><span class='ocrx_word' id='word_1_82' title='bbox 440 1669 548 1732; x_wconf 90' lang='lat' dir='ltr'><strong>equos</strong></span> <span class='ocrx_word' id='word_1_83' title='bbox 573 1657 608 1714; x_wconf 88' lang='lat' dir='ltr'><strong>et</strong></span> <span class='ocrx_word' id='word_1_84' title='bbox 630 1669 738 1726; x_wconf 87' lang='lat' dir='ltr'><strong>erma,</strong></span> <span class='ocrx_word' id='word_1_85' title='bbox 754 1657 789 1714; x_wconf 91' lang='lat' dir='ltr'><strong>et</strong></span> <span class='ocrx_word' id='word_1_86' title='bbox 809 1651 964 1714; x_wconf 89' lang='lat' dir='ltr'><strong>bibentes</strong></span> <span class='ocrx_word' id='word_1_87' title='bbox 986 1651 1104 1714; x_wconf 85' lang='lat' dir='ltr'><strong>vinum</strong></span> <span class='ocrx_word' id='word_1_88' title='bbox 1129 1650 1329 1713; x_wconf 83' lang='lat' dir='ltr'><strong>libaminum</strong></span> <span class='ocrx_word' id='word_1_89' title='bbox 1351 1651 1387 1712; x_wconf 93' lang='lat' dir='ltr'><strong>in</strong></span> 
     </span>
     <span class='ocr_line' id='line_1_18' title="bbox 441 1747 1387 1832; baseline 0 -20"><span class='ocrx_word' id='word_1_90' title='bbox 441 1747 734 1832; x_wconf 86' lang='lat' dir='ltr'><strong>‘spoliationem’¹</strong></span> <span class='ocrx_word' id='word_1_91' title='bbox 753 1749 1050 1831; x_wconf 81' lang='lat' dir='ltr'><strong>captivandorum.</strong></span> <span class='ocrx_word' id='word_1_92' title='bbox 1090 1749 1190 1814; x_wconf 89' lang='lat' dir='ltr'><strong>Misit</strong></span> <span class='ocrx_word' id='word_1_93' title='bbox 1202 1749 1305 1813; x_wconf 86' lang='lat' dir='ltr'><strong>etiam</strong></span> <span class='ocrx_word' id='word_1_94' title='bbox 1318 1748 1387 1812; x_wconf 90' lang='lat' dir='ltr'><strong>Ed·</strong></span> 
     </span>
     <span class='ocr_line' id='line_1_19' title="bbox 441 1841 1389 1930; baseline 0.001 -19"><span class='ocrx_word' id='word_1_95' title='bbox 441 1848 579 1912; x_wconf 86' lang='lat' dir='ltr'><strong>wardus</strong></span> <span class='ocrx_word' id='word_1_96' title='bbox 602 1849 638 1911; x_wconf 90' lang='lat' dir='ltr'><strong>in</strong></span> <span class='ocrx_word' id='word_1_97' title='bbox 664 1846 829 1929; x_wconf 86' lang='lat' dir='ltr'><strong>Angliam</strong></span> <span class='ocrx_word' id='word_1_98' title='bbox 855 1841 1148 1930; x_wconf 69' lang='lat' dir='ltr'><strong>proquibusdam</strong></span> <span class='ocrx_word' id='word_1_99' title='bbox 1170 1848 1389 1929; x_wconf 85' lang='lat' dir='ltr'><strong>magnatibus</strong></span> 
     </span>
     <span class='ocr_line' id='line_1_20' title="bbox 441 1947 1388 2024; baseline -0.001 -14"><span class='ocrx_word' id='word_1_100' title='bbox 441 1947 526 2024; x_wconf 87' lang='lat' dir='ltr'><strong>suis,</strong></span> <span class='ocrx_word' id='word_1_101' title='bbox 542 1955 578 2011; x_wconf 89' lang='lat' dir='ltr'><strong>et</strong></span> <span class='ocrx_word' id='word_1_102' title='bbox 592 1954 761 2010; x_wconf 88' lang='lat' dir='ltr'><strong>venerunt</strong></span> <span class='ocrx_word' id='word_1_103' title='bbox 776 1947 819 2010; x_wconf 88' lang='lat' dir='ltr'><strong>ad</strong></span> <span class='ocrx_word' id='word_1_104' title='bbox 838 1965 917 2011; x_wconf 87' lang='lat' dir='ltr'><strong>eum</strong></span> <span class='ocrx_word' id='word_1_105' title='bbox 934 1948 1077 2011; x_wconf 90' lang='lat' dir='ltr'><strong>comites</strong></span> <span class='ocrx_word' id='word_1_106' title='bbox 1092 1954 1126 2010; x_wconf 91' lang='lat' dir='ltr'><strong>et</strong></span> <span class='ocrx_word' id='word_1_107' title='bbox 1143 1948 1308 2011; x_wconf 87' lang='lat' dir='ltr'><strong>barones:</strong></span> <span class='ocrx_word' id='word_1_108' title='bbox 1327 1947 1388 2009; x_wconf 89' lang='lat' dir='ltr'><strong>ad·</strong></span> 
     </span>
     <span class='ocr_line' id='line_1_21' title="bbox 442 2045 1389 2111; baseline 0.001 -3"><span class='ocrx_word' id='word_1_109' title='bbox 442 2047 601 2111; x_wconf 83' lang='lat' dir='ltr'><strong>veniente</strong></span> <span class='ocrx_word' id='word_1_110' title='bbox 618 2046 755 2110; x_wconf 90' lang='lat' dir='ltr'><strong>demum</strong></span> <span class='ocrx_word' id='word_1_111' title='bbox 778 2046 834 2109; x_wconf 94' lang='lat' dir='ltr'><strong>die</strong></span> <span class='ocrx_word' id='word_1_112' title='bbox 856 2047 989 2109; x_wconf 78' lang='lat' dir='ltr'><strong>inuenti</strong></span> <span class='ocrx_word' id='word_1_113' title='bbox 1011 2054 1093 2109; x_wconf 90' lang='lat' dir='ltr'><strong>sunt</strong></span> <span class='ocrx_word' id='word_1_114' title='bbox 1115 2065 1193 2110; x_wconf 91' lang='lat' dir='ltr'><strong>oum</strong></span> <span class='ocrx_word' id='word_1_115' title='bbox 1217 2045 1389 2109; x_wconf 88' lang='lat' dir='ltr'><strong>Edwardo</strong></span> 
     </span>
    </p>
   </div>
   <div class='ocr_carea' id='block_1_6' title="bbox 443 2144 1546 2226">
    <p class='ocr_par' dir='ltr' id='par_1_6' title="bbox 443 2144 1546 2226">
     <span class='ocr_line' id='line_1_22' title="bbox 443 2144 1546 2226; baseline 0 -19"><span class='ocrx_word' id='word_1_116' title='bbox 443 2144 514 2208; x_wconf 84' lang='lat' dir='ltr'><strong>sere</strong></span> <span class='ocrx_word' id='word_1_117' title='bbox 529 2145 622 2208; x_wconf 88' lang='lat' dir='ltr'><strong>millo</strong></span> <span class='ocrx_word' id='word_1_118' title='bbox 641 2145 769 2208; x_wconf 89' lang='lat' dir='ltr'><strong>milites</strong></span> <span class='ocrx_word' id='word_1_119' title='bbox 793 2145 917 2208; x_wconf 86' lang='lat' dir='ltr'><strong>armati</strong></span> <span class='ocrx_word' id='word_1_120' title='bbox 939 2151 975 2208; x_wconf 88' lang='lat' dir='ltr'><strong>et</strong></span> <span class='ocrx_word' id='word_1_121' title='bbox 996 2145 1173 2226; x_wconf 87' lang='lat' dir='ltr'><strong>pedestres</strong></span> <span class='ocrx_word' id='word_1_122' title='bbox 1195 2145 1306 2221; x_wconf 89' lang='lat' dir='ltr'><strong>multi,</strong></span> <span class='ocrx_word' id='word_1_123' title='bbox 1328 2145 1386 2208; x_wconf 90' lang='lat' dir='ltr'><strong>sed</strong></span> <span class='ocrx_word' id='word_1_124' title='bbox 1427 2163 1429 2168; x_wconf 92' lang='lat'>·</span> <span class='ocrx_word' id='word_1_125' title='bbox 1545 2167 1546 2170; x_wconf 42' lang='lat'>¹</span> 
     </span>
    </p>
   </div>
   <div class='ocr_carea' id='block_1_7' title="bbox 442 2243 1399 4105">
    <p class='ocr_par' dir='ltr' id='par_1_7' title="bbox 442 2243 1399 4105">
     <span class='ocr_line' id='line_1_23' title="bbox 443 2243 1388 2326; baseline -0.001 -20"><span class='ocrx_word' id='word_1_126' title='bbox 443 2263 488 2306; x_wconf 87' lang='lat' dir='ltr'><strong>ex</strong></span> <span class='ocrx_word' id='word_1_127' title='bbox 507 2252 605 2325; x_wconf 86' lang='lat' dir='ltr'><strong>parte</strong></span> <span class='ocrx_word' id='word_1_128' title='bbox 621 2245 732 2307; x_wconf 82' lang='lat' dir='ltr'><strong>altera</strong></span> <span class='ocrx_word' id='word_1_129' title='bbox 749 2243 893 2326; x_wconf 87' lang='lat' dir='ltr'><strong>duplare</strong></span> <span class='ocrx_word' id='word_1_130' title='bbox 909 2262 987 2306; x_wconf 92' lang='lat' dir='ltr'><strong>eum</strong></span> <span class='ocrx_word' id='word_1_131' title='bbox 1009 2251 1170 2325; x_wconf 90' lang='lat' dir='ltr'><strong>poterant</strong></span> <span class='ocrx_word' id='word_1_132' title='bbox 1186 2250 1221 2307; x_wconf 89' lang='lat' dir='ltr'><strong>et</strong></span> <span class='ocrx_word' id='word_1_133' title='bbox 1243 2243 1388 2308; x_wconf 91' lang='lat' dir='ltr'><strong>homini·</strong></span> 
     </span>
     <span class='ocr_line' id='line_1_24' title="bbox 443 2342 1387 2425; baseline 0.001 -21"><span class='ocrx_word' id='word_1_134' title='bbox 443 2343 508 2404; x_wconf 89' lang='lat' dir='ltr'><strong>bus</strong></span> <span class='ocrx_word' id='word_1_135' title='bbox 525 2350 561 2405; x_wconf 93' lang='lat' dir='ltr'><strong>et</strong></span> <span class='ocrx_word' id='word_1_136' title='bbox 577 2345 675 2425; x_wconf 88' lang='lat' dir='ltr'><strong>equis</strong></span> <span class='ocrx_word' id='word_1_137' title='bbox 688 2363 697 2421; x_wconf 82' lang='lat'>3</span> <span class='ocrx_word' id='word_1_138' title='bbox 722 2342 1022 2422; x_wconf 90' lang='lat' dir='ltr'><strong>congredientibus</strong></span> <span class='ocrx_word' id='word_1_139' title='bbox 1037 2361 1120 2423; x_wconf 87' lang='lat' dir='ltr'><strong>ergo</strong></span> <span class='ocrx_word' id='word_1_140' title='bbox 1136 2342 1305 2425; x_wconf 89' lang='lat' dir='ltr'><strong>partibus,</strong></span> <span class='ocrx_word' id='word_1_141' title='bbox 1320 2361 1387 2405; x_wconf 88' lang='lat' dir='ltr'><strong>one-</strong></span> 
     </span>
     <span class='ocr_line' id='line_1_25' title="bbox 442 2440 1389 2524; baseline 0.004 -22"><span class='ocrx_word' id='word_1_142' title='bbox 442 2448 569 2522; x_wconf 87' lang='lat' dir='ltr'><strong>pernnt</strong></span> <span class='ocrx_word' id='word_1_143' title='bbox 582 2441 759 2522; x_wconf 88' lang='lat' dir='ltr'><strong>pedestres</strong></span> <span class='ocrx_word' id='word_1_144' title='bbox 777 2441 836 2522; x_wconf 92' lang='lat' dir='ltr'><strong>qui</strong></span> <span class='ocrx_word' id='word_1_145' title='bbox 851 2440 1120 2524; x_wconf 88' lang='lat' dir='ltr'><strong>conjuraverant</strong></span> <span class='ocrx_word' id='word_1_146' title='bbox 1138 2449 1174 2505; x_wconf 90' lang='lat' dir='ltr'><strong>ct</strong></span> <span class='ocrx_word' id='word_1_147' title='bbox 1189 2442 1339 2524; x_wconf 84' lang='lat' dir='ltr'><strong>spoliare</strong></span> <span class='ocrx_word' id='word_1_148' title='bbox 1354 2450 1389 2506; x_wconf 89' lang='lat' dir='ltr'><strong>et</strong></span> 
     </span>
     <span class='ocr_line' id='line_1_26' title="bbox 442 2540 1389 2622; baseline 0.002 -20"><span class='ocrx_word' id='word_1_149' title='bbox 442 2540 621 2622; x_wconf 87' lang='lat' dir='ltr'><strong>perimere,</strong></span> <span class='ocrx_word' id='word_1_150' title='bbox 653 2540 927 2620; x_wconf 86' lang='lat' dir='ltr'><strong>resistebantque</strong></span> <span class='ocrx_word' id='word_1_151' title='bbox 958 2541 1068 2602; x_wconf 89' lang='lat' dir='ltr'><strong>nostri</strong></span> <span class='ocrx_word' id='word_1_152' title='bbox 1101 2559 1178 2604; x_wconf 88' lang='lat' dir='ltr'><strong>curn</strong></span> <span class='ocrx_word' id='word_1_153' title='bbox 1209 2540 1323 2603; x_wconf 87' lang='lat' dir='ltr'><strong>fundis</strong></span> <span class='ocrx_word' id='word_1_154' title='bbox 1355 2548 1389 2604; x_wconf 89' lang='lat' dir='ltr'><strong>et</strong></span> 
     </span>
     <span class='ocr_line' id='line_1_27' title="bbox 443 2638 1388 2721; baseline -0.001 -18"><span class='ocrx_word' id='word_1_155' title='bbox 443 2640 604 2717; x_wconf 87' lang='lat' dir='ltr'><strong>arcubus,</strong></span> <span class='ocrx_word' id='word_1_156' title='bbox 626 2646 662 2702; x_wconf 89' lang='lat' dir='ltr'><strong>et</strong></span> <span class='ocrx_word' id='word_1_157' title='bbox 682 2639 869 2721; x_wconf 87' lang='lat' dir='ltr'><strong>peremptis</strong></span> <span class='ocrx_word' id='word_1_158' title='bbox 886 2638 1157 2720; x_wconf 90' lang='lat' dir='ltr'><strong>quamplurimis,</strong></span> <span class='ocrx_word' id='word_1_159' title='bbox 1179 2646 1324 2704; x_wconf 83' lang='lat' dir='ltr'><strong>caeteros</strong></span> <span class='ocrx_word' id='word_1_160' title='bbox 1346 2640 1388 2702; x_wconf 86' lang='lat' dir='ltr'><strong>ad</strong></span> 
     </span>
     <span class='ocr_line' id='line_1_28' title="bbox 442 2737 1390 2820; baseline 0 -19"><span class='ocrx_word' id='word_1_161' title='bbox 442 2748 562 2818; x_wconf 88' lang='lat' dir='ltr'><strong>portas</strong></span> <span class='ocrx_word' id='word_1_162' title='bbox 574 2738 727 2803; x_wconf 87' lang='lat' dir='ltr'><strong>civitatis</strong></span> <span class='ocrx_word' id='word_1_163' title='bbox 739 2737 913 2820; x_wconf 87' lang='lat' dir='ltr'><strong>persecuti</strong></span> <span class='ocrx_word' id='word_1_164' title='bbox 925 2744 1018 2814; x_wconf 88' lang='lat' dir='ltr'><strong>sunt,</strong></span> <span class='ocrx_word' id='word_1_165' title='bbox 1031 2738 1159 2801; x_wconf 89' lang='lat' dir='ltr'><strong>multos</strong></span> <span class='ocrx_word' id='word_1_166' title='bbox 1173 2739 1276 2803; x_wconf 87' lang='lat' dir='ltr'><strong>etiam</strong></span> <span class='ocrx_word' id='word_1_167' title='bbox 1293 2739 1390 2819; x_wconf 85' lang='lat' dir='ltr'><strong>fuga-</strong></span> 
     </span>
     <span class='ocr_line' id='line_1_29' title="bbox 442 2836 1388 2918; baseline 0 -20"><span class='ocrx_word' id='word_1_168' title='bbox 442 2844 567 2898; x_wconf 85' lang='lat' dir='ltr'><strong>verunt</strong></span> <span class='ocrx_word' id='word_1_169' title='bbox 604 2836 647 2899; x_wconf 89' lang='lat' dir='ltr'><strong>ad</strong></span> <span class='ocrx_word' id='word_1_170' title='bbox 685 2855 812 2918; x_wconf 86' lang='lat' dir='ltr'><strong>aquam</strong></span> <span class='ocrx_word' id='word_1_171' title='bbox 842 2844 877 2900; x_wconf 86' lang='lat' dir='ltr'><strong>et</strong></span> <span class='ocrx_word' id='word_1_172' title='bbox 908 2837 1076 2900; x_wconf 89' lang='lat' dir='ltr'><strong>submersi</strong></span> <span class='ocrx_word' id='word_1_173' title='bbox 1114 2844 1212 2900; x_wconf 87' lang='lat' dir='ltr'><strong>sunt:</strong></span> <span class='ocrx_word' id='word_1_174' title='bbox 1252 2837 1388 2908; x_wconf 83' lang='lat' dir='ltr'><strong>interim</strong></span> 
     </span>
     <span class='ocr_line' id='line_1_30' title="bbox 443 2931 1392 3017; baseline 0.004 -23"><span class='ocrx_word' id='word_1_175' title='bbox 443 2931 604 2997; x_wconf 75' lang='lat' dir='ltr'><strong>‘dedit&#39;⁹</strong></span> <span class='ocrx_word' id='word_1_176' title='bbox 625 2952 663 2997; x_wconf 85' lang='lat' dir='ltr'><strong>se</strong></span> <span class='ocrx_word' id='word_1_177' title='bbox 688 2953 803 2997; x_wconf 88' lang='lat' dir='ltr'><strong>comes</strong></span> <span class='ocrx_word' id='word_1_178' title='bbox 831 2953 909 2997; x_wconf 90' lang='lat' dir='ltr'><strong>cum</strong></span> <span class='ocrx_word' id='word_1_179' title='bbox 935 2935 1055 3000; x_wconf 86' lang='lat' dir='ltr'><strong>electis</strong></span> <span class='ocrx_word' id='word_1_180' title='bbox 1083 2953 1113 2998; x_wconf 80' lang='lat' dir='ltr'><strong>n.</strong></span> <span class='ocrx_word' id='word_1_181' title='bbox 1140 2934 1306 2998; x_wconf 87' lang='lat' dir='ltr'><strong>militibus</strong></span> <span class='ocrx_word' id='word_1_182' title='bbox 1331 2935 1392 3017; x_wconf 93' lang='lat' dir='ltr'><strong>qui</strong></span> 
     </span>
     <span class='ocr_line' id='line_1_31' title="bbox 443 3033 1397 3116; baseline 0.001 -21"><span class='ocrx_word' id='word_1_183' title='bbox 443 3033 676 3113; x_wconf 88' lang='lat' dir='ltr'><strong>sequebantur</strong></span> <span class='ocrx_word' id='word_1_184' title='bbox 684 3052 762 3096; x_wconf 89' lang='lat' dir='ltr'><strong>eum</strong></span> <span class='ocrx_word' id='word_1_185' title='bbox 775 3033 818 3097; x_wconf 87' lang='lat' dir='ltr'><strong>ad</strong></span> <span class='ocrx_word' id='word_1_186' title='bbox 832 3053 980 3098; x_wconf 91' lang='lat' dir='ltr'><strong>cuneum</strong></span> <span class='ocrx_word' id='word_1_187' title='bbox 994 3033 1157 3098; x_wconf 86' lang='lat' dir='ltr'><strong>Edwardi</strong></span> <span class='ocrx_word' id='word_1_188' title='bbox 1167 3040 1201 3097; x_wconf 91' lang='lat' dir='ltr'><strong>et</strong></span> <span class='ocrx_word' id='word_1_189' title='bbox 1213 3033 1397 3116; x_wconf 80' lang='lat' dir='ltr'><strong>conjunxit</strong></span> 
     </span>
     <span class='ocr_line' id='line_1_32' title="bbox 444 3132 1396 3216; baseline 0.002 -22"><span class='ocrx_word' id='word_1_190' title='bbox 444 3151 483 3194; x_wconf 89' lang='lat' dir='ltr'><strong>se</strong></span> <span class='ocrx_word' id='word_1_191' title='bbox 499 3132 543 3208; x_wconf 89' lang='lat' dir='ltr'><strong>ei,</strong></span> <span class='ocrx_word' id='word_1_192' title='bbox 565 3133 765 3216; x_wconf 89' lang='lat' dir='ltr'><strong>mutuisque</strong></span> <span class='ocrx_word' id='word_1_193' title='bbox 788 3132 981 3214; x_wconf 86' lang='lat' dir='ltr'><strong>gladiorum</strong></span> <span class='ocrx_word' id='word_1_194' title='bbox 1003 3133 1129 3197; x_wconf 88' lang='lat' dir='ltr'><strong>ictibus</strong></span> <span class='ocrx_word' id='word_1_195' title='bbox 1151 3134 1256 3214; x_wconf 89' lang='lat' dir='ltr'><strong>longo</strong></span> <span class='ocrx_word' id='word_1_196' title='bbox 1283 3134 1396 3214; x_wconf 85' lang='lat' dir='ltr'><strong>spatio</strong></span> 
     </span>
     <span class='ocr_line' id='line_1_33' title="bbox 445 3230 1396 3315; baseline 0.001 -22"><span class='ocrx_word' id='word_1_197' title='bbox 445 3230 680 3308; x_wconf 88' lang='lat' dir='ltr'><strong>decertabant,</strong></span> <span class='ocrx_word' id='word_1_198' title='bbox 716 3251 864 3315; x_wconf 88' lang='lat' dir='ltr'><strong>cumque</strong></span> <span class='ocrx_word' id='word_1_199' title='bbox 901 3238 1017 3295; x_wconf 88' lang='lat' dir='ltr'><strong>essent</strong></span> <span class='ocrx_word' id='word_1_200' title='bbox 1053 3234 1155 3297; x_wconf 85' lang='lat' dir='ltr'><strong>ambo</strong></span> <span class='ocrx_word' id='word_1_201' title='bbox 1188 3233 1332 3309; x_wconf 86' lang='lat' dir='ltr'><strong>strenui,</strong></span> <span class='ocrx_word' id='word_1_202' title='bbox 1362 3238 1396 3294; x_wconf 89' lang='lat' dir='ltr'><strong>et</strong></span> 
     </span>
     <span class='ocr_line' id='line_1_34' title="bbox 443 3330 1395 3412; baseline 0 -20"><span class='ocrx_word' id='word_1_203' title='bbox 443 3331 588 3394; x_wconf 85' lang='lat' dir='ltr'><strong>vidisset</strong></span> <span class='ocrx_word' id='word_1_204' title='bbox 615 3349 653 3393; x_wconf 86' lang='lat' dir='ltr'><strong>se</strong></span> <span class='ocrx_word' id='word_1_205' title='bbox 676 3349 791 3394; x_wconf 86' lang='lat' dir='ltr'><strong>eomes</strong></span> <span class='ocrx_word' id='word_1_206' title='bbox 816 3350 885 3394; x_wconf 89' lang='lat' dir='ltr'><strong>uon</strong></span> <span class='ocrx_word' id='word_1_207' title='bbox 907 3330 1071 3412; x_wconf 85' lang='lat' dir='ltr'><strong>proficere</strong></span> <span class='ocrx_word' id='word_1_208' title='bbox 1095 3331 1225 3412; x_wconf 90' lang='lat' dir='ltr'><strong>gladio,</strong></span> <span class='ocrx_word' id='word_1_209' title='bbox 1252 3331 1395 3394; x_wconf 84' lang='lat' dir='ltr'><strong>circum·</strong></span> 
     </span>
     <span class='ocr_line' id='line_1_35' title="bbox 445 3428 1398 3495; baseline 0 -4"><span class='ocrx_word' id='word_1_210' title='bbox 445 3428 548 3493; x_wconf 79' lang='lat' dir='ltr'><strong>duxit</strong></span> <span class='ocrx_word' id='word_1_211' title='bbox 559 3428 699 3493; x_wconf 91' lang='lat' dir='ltr'><strong>brachio</strong></span> <span class='ocrx_word' id='word_1_212' title='bbox 712 3429 840 3494; x_wconf 88' lang='lat' dir='ltr'><strong>collum</strong></span> <span class='ocrx_word' id='word_1_213' title='bbox 856 3430 1019 3493; x_wconf 84' lang='lat' dir='ltr'><strong>Edwardi</strong></span> <span class='ocrx_word' id='word_1_214' title='bbox 1034 3437 1070 3495; x_wconf 91' lang='lat' dir='ltr'><strong>et</strong></span> <span class='ocrx_word' id='word_1_215' title='bbox 1085 3450 1164 3494; x_wconf 89' lang='lat' dir='ltr'><strong>eum</strong></span> <span class='ocrx_word' id='word_1_216' title='bbox 1178 3430 1398 3494; x_wconf 87' lang='lat' dir='ltr'><strong>vehementer</strong></span> 
     </span>
     <span class='ocr_line' id='line_1_36' title="bbox 446 3527 1395 3606; baseline 0.001 -16"><span class='ocrx_word' id='word_1_217' title='bbox 446 3529 624 3601; x_wconf 81' lang='lat' dir='ltr'><strong>astrinxit,</strong></span> <span class='ocrx_word' id='word_1_218' title='bbox 639 3535 675 3592; x_wconf 88' lang='lat' dir='ltr'><strong>et</strong></span> <span class='ocrx_word' id='word_1_219' title='bbox 690 3529 740 3593; x_wconf 91' lang='lat' dir='ltr'><strong>ait</strong></span> <span class='ocrx_word' id='word_1_220' title='bbox 755 3529 958 3605; x_wconf 79' lang='lat' dir='ltr'><strong>EdwarduS,</strong></span> <span class='ocrx_word' id='word_1_221' title='bbox 982 3527 1113 3606; x_wconf 87' lang='lat' dir='ltr'><strong>“Quid</strong></span> <span class='ocrx_word' id='word_1_222' title='bbox 1139 3530 1203 3592; x_wconf 89' lang='lat' dir='ltr'><strong>tibi</strong></span> <span class='ocrx_word' id='word_1_223' title='bbox 1219 3529 1286 3605; x_wconf 76' lang='lat' dir='ltr'><strong>viS,</strong></span> <span class='ocrx_word' id='word_1_224' title='bbox 1309 3549 1395 3590; x_wconf 91' lang='lat' dir='ltr'><strong>nun·</strong></span> 
     </span>
     <span class='ocr_line' id='line_1_37' title="bbox 447 3625 1397 3710; baseline 0 -21"><span class='ocrx_word' id='word_1_225' title='bbox 447 3627 529 3706; x_wconf 93' lang='lat' dir='ltr'><strong>quid</strong></span> <span class='ocrx_word' id='word_1_226' title='bbox 547 3646 660 3690; x_wconf 90' lang='lat' dir='ltr'><strong>meum</strong></span> <span class='ocrx_word' id='word_1_227' title='bbox 677 3647 802 3710; x_wconf 91' lang='lat' dir='ltr'><strong>equum</strong></span> <span class='ocrx_word' id='word_1_228' title='bbox 820 3627 945 3691; x_wconf 89' lang='lat' dir='ltr'><strong>babere</strong></span> <span class='ocrx_word' id='word_1_229' title='bbox 960 3627 1071 3691; x_wconf 89' lang='lat' dir='ltr'><strong>credis</strong></span> <span class='ocrx_word' id='word_1_230' title='bbox 1083 3628 1094 3690; x_wconf 77' lang='lat' dir='ltr'><strong>t</strong></span> <span class='ocrx_word' id='word_1_231' title='bbox 1104 3627 1124 3654; x_wconf 89' lang='lat'><strong>&#39;’</strong></span> <span class='ocrx_word' id='word_1_232' title='bbox 1140 3635 1175 3692; x_wconf 92' lang='lat' dir='ltr'><strong>et</strong></span> <span class='ocrx_word' id='word_1_233' title='bbox 1190 3627 1260 3703; x_wconf 88' lang='lat' dir='ltr'><strong>ille,</strong></span> <span class='ocrx_word' id='word_1_234' title='bbox 1280 3633 1304 3661; x_wconf 86' lang='lat'>“</span> <span class='ocrx_word' id='word_1_235' title='bbox 1319 3625 1397 3690; x_wconf 91' lang='lat' dir='ltr'><strong>Uti-</strong></span> 
     </span>
     <span class='ocr_line' id='line_1_38' title="bbox 446 3725 1398 3808; baseline -0.001 -21"><span class='ocrx_word' id='word_1_236' title='bbox 446 3745 514 3806; x_wconf 89' lang='lat' dir='ltr'><strong>que</strong></span> <span class='ocrx_word' id='word_1_237' title='bbox 538 3733 573 3788; x_wconf 89' lang='lat' dir='ltr'><strong>et</strong></span> <span class='ocrx_word' id='word_1_238' title='bbox 598 3732 633 3789; x_wconf 86' lang='lat' dir='ltr'><strong>te</strong></span> <span class='ocrx_word' id='word_1_239' title='bbox 657 3734 693 3790; x_wconf 92' lang='lat' dir='ltr'><strong>et</strong></span> <span class='ocrx_word' id='word_1_240' title='bbox 717 3745 843 3808; x_wconf 92' lang='lat' dir='ltr'><strong>equum</strong></span> <span class='ocrx_word' id='word_1_241' title='bbox 874 3726 1000 3790; x_wconf 87' lang='lat' dir='ltr'><strong>habere</strong></span> <span class='ocrx_word' id='word_1_242' title='bbox 1020 3726 1137 3790; x_wconf 84' lang='lat' dir='ltr'><strong>volo.&#39;’</strong></span> <span class='ocrx_word' id='word_1_243' title='bbox 1189 3725 1398 3806; x_wconf 89' lang='lat' dir='ltr'><strong>Indignatus</strong></span> 
     </span>
     <span class='ocr_line' id='line_1_39' title="bbox 446 3823 1399 3908; baseline 0.001 -23"><span class='ocrx_word' id='word_1_244' title='bbox 446 3823 491 3885; x_wconf 86' lang='lat' dir='ltr'><strong>ad</strong></span> <span class='ocrx_word' id='word_1_245' title='bbox 509 3823 584 3886; x_wconf 84' lang='lat' dir='ltr'><strong>haec</strong></span> <span class='ocrx_word' id='word_1_246' title='bbox 601 3825 712 3888; x_wconf 88' lang='lat' dir='ltr'><strong>erexit</strong></span> <span class='ocrx_word' id='word_1_247' title='bbox 727 3845 777 3900; x_wconf 90' lang='lat' dir='ltr'><strong>se,</strong></span> <span class='ocrx_word' id='word_1_248' title='bbox 791 3832 827 3888; x_wconf 88' lang='lat' dir='ltr'><strong>et</strong></span> <span class='ocrx_word' id='word_1_249' title='bbox 841 3843 1006 3908; x_wconf 88' lang='lat' dir='ltr'><strong>percusso</strong></span> <span class='ocrx_word' id='word_1_250' title='bbox 1019 3825 1196 3888; x_wconf 86' lang='lat' dir='ltr'><strong>dextrario</strong></span> <span class='ocrx_word' id='word_1_251' title='bbox 1210 3825 1246 3887; x_wconf 93' lang='lat' dir='ltr'><strong>in</strong></span> <span class='ocrx_word' id='word_1_252' title='bbox 1264 3831 1399 3888; x_wconf 83' lang='lat' dir='ltr'><strong>tantum</strong></span> 
     </span>
     <span class='ocr_line' id='line_1_40' title="bbox 445 3921 1397 4007; baseline 0.002 -23"><span class='ocrx_word' id='word_1_253' title='bbox 445 3921 546 3987; x_wconf 89' lang='lat' dir='ltr'><strong>irruit</strong></span> <span class='ocrx_word' id='word_1_254' title='bbox 561 3923 653 4004; x_wconf 92' lang='lat' dir='ltr'><strong>quod</strong></span> <span class='ocrx_word' id='word_1_255' title='bbox 673 3923 795 3988; x_wconf 88' lang='lat' dir='ltr'><strong>relicto</strong></span> <span class='ocrx_word' id='word_1_256' title='bbox 816 3943 905 4005; x_wconf 88' lang='lat' dir='ltr'><strong>equo</strong></span> <span class='ocrx_word' id='word_1_257' title='bbox 929 3924 1069 4007; x_wconf 90' lang='lat' dir='ltr'><strong>proprio</strong></span> <span class='ocrx_word' id='word_1_258' title='bbox 1092 3923 1182 3989; x_wconf 90' lang='lat' dir='ltr'><strong>collo</strong></span> <span class='ocrx_word' id='word_1_259' title='bbox 1204 3924 1313 4006; x_wconf 90' lang='lat' dir='ltr'><strong>ipsius</strong></span> <span class='ocrx_word' id='word_1_260' title='bbox 1337 3924 1397 3986; x_wconf 86' lang='lat' dir='ltr'><strong>ad·</strong></span> 
     </span>
     <span class='ocr_line' id='line_1_41' title="bbox 445 4020 1398 4105; baseline 0.001 -22"><span class='ocrx_word' id='word_1_261' title='bbox 445 4020 546 4087; x_wconf 83' lang='lat' dir='ltr'><strong>haesit</strong></span> <span class='ocrx_word' id='word_1_262' title='bbox 562 4022 662 4100; x_wconf 86' lang='lat' dir='ltr'><strong>alter,</strong></span> <span class='ocrx_word' id='word_1_263' title='bbox 679 4024 904 4105; x_wconf 84' lang='lat' dir='ltr'><strong>excussitque</strong></span> <span class='ocrx_word' id='word_1_264' title='bbox 924 4041 1000 4087; x_wconf 92' lang='lat' dir='ltr'><strong>eum</strong></span> <span class='ocrx_word' id='word_1_265' title='bbox 1024 4023 1060 4086; x_wconf 93' lang='lat' dir='ltr'><strong>in</strong></span> <span class='ocrx_word' id='word_1_266' title='bbox 1087 4029 1216 4087; x_wconf 84' lang='lat' dir='ltr'><strong>terram</strong></span> <span class='ocrx_word' id='word_1_267' title='bbox 1234 4043 1314 4087; x_wconf 91' lang='lat' dir='ltr'><strong>cum</strong></span> <span class='ocrx_word' id='word_1_268' title='bbox 1340 4022 1398 4085; x_wconf 92' lang='lat' dir='ltr'><strong>diu</strong></span> 
     </span>
    </p>
   </div>
   <div class='ocr_carea' id='block_1_8' title="bbox 480 4242 1294 4316">
    <p class='ocr_par' dir='ltr' id='par_1_8' title="bbox 480 4242 1294 4316">
     <span class='ocr_line' id='line_1_42' title="bbox 480 4242 1294 4316; baseline 0.004 -21"><span class='ocrx_word' id='word_1_269' title='bbox 480 4242 803 4308; x_wconf 65' lang='lat' dir='ltr'><strong>&#39;‘spum’usmnsd.</strong></span> <span class='ocrx_word' id='word_1_270' title='bbox 924 4244 929 4316; x_wconf 75' lang='grc' dir='ltr'>ι</span> <span class='ocrx_word' id='word_1_271' title='bbox 987 4245 1294 4310; x_wconf 71' lang='lat' dir='ltr'><strong>&#39;‘eent,‘us.nanm.</strong></span> 
     </span>
    </p>
   </div>
   <div class='ocr_carea' id='block_1_9' title="bbox 0 0 1582 4988">
    <p class='ocr_par' dir='ltr' id='par_1_9' title="bbox 0 0 1582 4988">
     <span class='ocr_line' id='line_1_43' title="bbox 0 0 1582 4988; baseline 0 0"><span class='ocrx_word' id='word_1_272' title='bbox 0 0 1582 4988; x_wconf 95' lang='lat' dir='ltr'><strong> </strong></span> 
     </span>
    </p>
   </div>
  </div>
 </body>
</html>
