3116 4990
393 464 461 528 16⁰
759 473 969 522 ouaoruoon

245 655 368 696 nisani.
394 636 453 698 riis
489 631 636 710 armis,'²
679 638 714 694 et
752 630 847 694 omui
884 636 1055 712 apparatu
1092 629 1240 694 ‘bellico
1277 631 1340 693 ful-

231 707 379 770 Q
394 731 520 816 gens!²
571 732 652 811 Quo
674 727 783 792 ‘ille'³
802 736 979 812 comperto
994 727 1096 811 jubet
1115 749 1191 792 eam
1209 750 1343 812 oppug-

395 834 482 910 nari,
517 851 637 896 verum
678 848 756 893 cum
793 847 862 891 non
900 827 1002 892 facile
1044 836 1163 910 posset
1201 838 1345 912 propter

395 951 567 996 enormem
595 928 649 992 sui
672 927 954 1008 magnitudinem,
978 934 1015 990 et
1038 927 1201 992 virtutem
1228 928 1344 992 defen-

395 1050 525 1106 sorum,
555 1029 703 1110 desuper
727 1034 893 1108 tanquam
922 1045 968 1088 ex
1008 1044 1088 1089 arce
1116 1029 1346 1108 pugnantium

396 1126 603 1212 expugnari,
646 1145 728 1188 mox
764 1124 840 1208 ejus
878 1124 1145 1206 expugnationis
1186 1145 1346 1209 compen-

396 1228 491 1291 dium
520 1227 571 1290 sic
603 1226 648 1288 ab
677 1225 754 1306 ipso
785 1242 867 1304 rege
889 1223 1067 1300 inventum
1097 1230 1169 1302 est3
1193 1243 1274 1288 arce
1297 1227 1344 1288 si·

396 1326 535 1409 quidem
550 1325 614 1388 sub
637 1323 736 1405 aquis
760 1322 947 1405 perforata,
971 1341 1072 1403 aquae
1092 1341 1154 1403 per
1174 1323 1342 1389 foramina

395 1425 561 1506 ingressae
587 1430 678 1498 sunt,
704 1429 739 1484 et
763 1427 955 1502 aggravato
981 1419 1132 1503 pondere
1158 1422 1344 1486 subsedens

396 1522 536 1587 taudem
562 1541 641 1586 cum
672 1521 765 1583 omni
795 1538 898 1583 onere
934 1519 1089 1583 demersa
1119 1528 1172 1583 est
1199 1521 1236 1584 in
1264 1542 1349 1604 pro-·

397 1621 553 1685 fundum.
603 1620 650 1683 Et
663 1638 719 1682 res
734 1618 871 1700 quidem
887 1637 1007 1682 omnes
1023 1639 1101 1682 cum
1118 1627 1215 1701 parte
1234 1620 1342 1685 homi-

396 1740 478 1787 num
510 1719 652 1802 periere,
681 1718 797 1781 caetcri
826 1717 969 1781 veroin
998 1735 1104 1782 naves
1136 1719 1344 1800 prosiliendo

397 1819 539 1884 hostiles
559 1817 714 1882 consulte
734 1816 891 1881 hostibus
910 1836 1014 1898 quam
1035 1816 1196 1882 fluctibus
1215 1838 1254 1881 se
1270 1839 1346 1883 cre-

397 1919 478 1984 dere
514 1917 720 1981 maluerunt.
784 1915 951 1997 Contigit,
986 1922 1026 1980 ut
1066 1916 1202 1994 dicitur,
1239 1919 1345 2000 paulo

398 2026 489 2094 ante,
510 2015 601 2099 quod
619 2015 779 2098 quaedam
799 2033 907 2084 naves
929 2014 1186 2082 Londonienses
1205 2036 1227 2082 a
1247 2037 1347 2100 mag-

398 2137 444 2180 na
471 2116 581 2180 classe
610 2121 793 2196 separatae,
821 2133 867 2176 ex
891 2113 1086 2179 inordinato
1114 2116 1221 2180 maris
1247 2125 1346 2182 motu

399 2211 648 2299 ‘periclitari'⁴
676 2218 868 2295 coeperunt,
902 2212 1199 2296 clamantibusque
1228 2218 1344 2282 nautis

400 2321 435 2378 et
450 2313 637 2388 orantibus,
655 2330 734 2375 ecce
748 2318 819 2375 tres
835 2309 901 2374 viri
923 2311 1086 2376 continuo
1110 2325 1343 2395 apparuerunt

400 2411 616 2477 ambulantes
648 2430 752 2492 super
780 2430 873 2473 mare
897 2417 932 2473 et
955 2410 992 2474 in
1016 2411 1144 2476 vestitu
1167 2412 1344 2491 deaurato,

399 2529 545 2594 quorum
582 2529 671 2573 unus
705 2517 781 2573 erat
819 2509 919 2590 quasi
956 2509 1233 2593 archiepiscopus
1267 2533 1346 2578 cnm

399 2610 517 2693 pallio,
554 2609 644 2673 alter
680 2609 779 2691 quasi
812 2609 994 2690 episcopus
1028 2628 1106 2673 cum
1140 2611 1277 2690 haculo,
1312 2620 1348 2677 et

400 2711 520 2774 tertius
544 2709 645 2791 qnasi
665 2729 727 2772 rex
747 2714 933 2771 coronatus
954 2727 1032 2771 cum
1060 2716 1218 2792 seeptr03
1239 2710 1348 2776 dixit-

400 2827 467 2890 que
494 2807 783 2890 archiepiscopus,
815 2805 1015 2871 “Vocastis
1043 2827 1120 2886 nos,
1151 2828 1231 2874 ecce
1249 2831 1348 2877 assu-

400 2907 525 2970 mus:’'
568 2906 853 2989 stupentibusque
887 2907 1003 2969 nautis
1029 2914 1064 2970 et
1099 2907 1348 2976 admirantibus

400 3005 578 3069 confestim
612 3004 805 3081 subintulit,
844 3010 868 3040 “
884 3005 1006 3070 Nostis
1044 3026 1106 3070 nos
1141 3014 1177 3072 et
1207 3011 1346 3074 nomina

400 3105 568 3168 nostral”
606 3103 657 3168 At
683 3103 734 3167 illi
764 3111 932 3186 negantes
968 3104 1143 3183 dixerunt,
1170 3107 1347 3190 “Nequa-

401 3203 541 3286 quam.’'
564 3203 699 3282 Quibus
715 3203 793 3267 ille:
821 3209 843 3238 “
857 3203 933 3286 Ego
948 3204 1059 3281 sum,''
1079 3205 1203 3287 inquit,
1218 3213 1241 3242 “
1253 3207 1345 3272 Tho·

400 3323 476 3366 mas
508 3302 790 3380 cantuariensis3
824 3302 890 3366 iste
924 3304 1106 3385 episcopus
1138 3313 1190 3368 est
1225 3308 1348 3371 beatus

401 3401 604 3478 Nicholaus,
622 3421 723 3484 quem
742 3400 860 3471 colunt
884 3409 918 3465 et
938 3403 1103 3467 invocant
1123 3422 1241 3469 omnes
1261 3425 1345 3470 nau·

401 3509 467 3580 tae;
489 3521 552 3566 rex
575 3502 641 3565 iste
663 3508 717 3564 est
738 3508 879 3564 sanctus
903 3500 1127 3567 Edmundus:
1148 3504 1210 3588 qui
1233 3506 1349 3572 vocati
1388 3575 1392 3579 ,

400 3619 571 3675 assumus,
597 3607 632 3663 et
658 3599 760 3663 modo
793 3600 947 3664 venimus
970 3608 1009 3664 ut
1036 3601 1143 3665 simus
1172 3607 1348 3685 praepara-

401 3705 493 3762 tores
520 3706 556 3762 et
580 3704 821 3779 cooperatores
849 3698 970 3762 classis
994 3705 1030 3764 et
1056 3701 1229 3766 exercitus
1256 3704 1347 3786 regis

402 3794 545 3862 Ricardi
559 3795 601 3874 ;’'
644 3803 681 3859 et
716 3796 769 3859 his
807 3796 908 3861 dictis
949 3797 1201 3880 disparuerunt.
1273 3802 1350 3885 Ipsi

401 3915 483 3959 vero
516 3914 592 3960 curn
625 3894 753 3976 gaudio
788 3902 824 3960 et
852 3897 1104 3981 tranquillitate
1130 3901 1346 3983 navigantes,

436 4085 544 4138 ¹‘satis
573 4091 650 4139 variis
678 4085 772 4151 armis}
804 4090 862 4140 MS.
924 4087 1039 4152 ’‘regi,'
1051 4091 1109 4143 MS.
1119 4093 1213 4144 Lansd.

400 4158 466 4208 Cott.
477 4159 535 4208 Tib.
926 4155 936 4188 ⁴
952 4160 961 4190 ⁴
968 4157 1129 4226 periclitare‚'
1137 4161 1355 4220 massonum.

435 4225 445 4253 ³
461 4228 615 4287 ‘fulgebat,'
626 4229 684 4278 MS.
696 4229 792 4278 Lansd.
889 4229 939 4278 and
951 4229 1046 4280 Innsd.
