3132 4988
400 479 572 527 wanrnnr
598 481 643 528 nn
667 481 949 531 unurnonunorr.
1074 467 1139 530 147

186 630 404 746 Dominicam
434 633 646 710 Palmarum,
676 635 842 716 praedicta
875 636 967 718 apud
1004 638 1136 701 Ebora·
1159 657 1289 748 mid.

186 749 262 792 cum
280 739 510 814 contigerunt.
1156 775 1301 788 —---

279 951 429 1016 Vindicta
445 953 539 1037 Rapis
553 960 660 1016 cosdro
677 953 832 1016 Occisoros
845 953 1039 1020 Jocaeomm.

234 1125 308 1188 Res
327 1131 444 1189 autem
468 1122 593 1188 ‘ista'²
617 1131 751 1190 mature
774 1124 929 1191 defertur
948 1126 989 1190 ad
1015 1129 1131 1209 ‘prin
1146 1151 1291 1200 ingeram

184 1222 335 1304 cipem‚’²
358 1224 419 1305 qui
443 1231 525 1287 ante
554 1222 629 1306 ejus
658 1223 972 1290 transfretationem
997 1227 1132 1292 Judaeis
1145 1202 1297 1300 diffidi*

183 1341 304 1404 pacem
333 1330 369 1386 et
400 1323 620 1388 securitatem
648 1323 863 1400 sanxiverat,
894 1324 1131 1406 ‘indignatur-

184 1419 288 1502 que'³
319 1429 355 1486 et
380 1421 530 1498 fremuit,
562 1421 712 1502 datoque
741 1423 903 1488 mandato
929 1425 973 1490 ad
1003 1425 1130 1509 Elyen·

183 1539 255 1586 sem
281 1521 493 1603 episcopum,
509 1521 586 1604 ejus
603 1521 846 1588 cancellarium
867 1530 903 1586 ot
925 1525 1023 1605 regni
1042 1545 1131 1606 prae·

184 1620 346 1702 positum,
368 1627 410 1683 nt
430 1619 520 1684 tanti
536 1639 641 1684 ausus
666 1623 817 1701 patratio
843 1621 1015 1703 condigna
1038 1624 1131 1704 plec-

183 1726 315 1782 teretur
342 1719 519 1798 vindicta3
560 1719 650 1782 idem
682 1738 765 1782 vero
793 1720 974 1802 episcopus
1009 1721 1132 1804 ferocis

185 1817 289 1882 animi
312 1825 348 1882 et
365 1817 485 1898 gioriae
505 1817 648 1899 cupidus
670 1817 762 1880 circa
789 1817 1035 1882 Ascensionem
1058 1821 1131 1885 Do-

183 1917 344 1982 minicam
374 1917 471 1984 venit
502 1917 655 1983 Eborum
684 1924 720 1980 ot
748 1916 969 1982 fortissimam
998 1917 1131 1982 civibus

183 2016 301 2080 intulit
334 2016 570 2098 questionem.
634 2014 744 2080 Porro
778 2014 984 2097 principales
1014 2023 1050 2078 et
1079 2017 1130 2082 sa·
1143 2034 1257 2076 russam

184 2117 271 2179 mosi
299 2135 414 2180 rerum
447 2121 622 2196 gestarum
659 2121 829 2191 auctores,
861 2113 990 2178 relictis
1021 2086 1272 2224 omni-fr'i'3i‘i‘issff

185 2216 249 2280 bus
260 2233 340 2296 quae
357 2213 531 2278 habebant
545 2213 581 2276 in
598 2213 787 2294 provincia,
802 2231 825 2277 a
839 2213 927 2278 facie
941 2212 1018 2296 ejus
1033 2215 1131 2296 fuge-
1151 2195 1178 2224 ⁸¹¹
1194 2211 1200 2224 '

184 2321 265 2378 runt
291 2314 328 2376 in
354 2311 518 2380 Scotiam.
558 2311 700 2378 Civibus
718 2331 800 2376 vero
825 2319 1025 2378 constanter
1051 2333 1131 2395 pro-

184 2411 412 2478 clamantibus
442 2431 507 2476 auo
530 2429 640 2493 noque
664 2418 748 2476 voto
771 2431 882 2494 neque
907 2411 1050 2477 consilio
1074 2413 1131 2477 vel

182 2531 288 2592 opere
318 2508 542 2592 ‘preadictn’⁴
574 2510 753 2588 accidisse,
790 2529 902 2593 neque
938 2530 999 2592 per
1032 2531 1131 2575 suam

182 2610 454 2677 mediocritatem
477 2607 741 2691 indisciplinatae
767 2609 996 2674 multitudinis
1023 2611 1131 2692 impe·

183 2718 258 2774 tum
304 2709 469 2792 impedire
513 2709 679 2792 potuisse,
722 2709 862 2773 tandem
907 2708 1133 2773 cancellarius

186 2809 297 2874 mrdta
319 2809 517 2891 pecuniaria
540 2808 590 2872 eis
615 2807 788 2890 imposita,
818 2808 883 2872 hoc
908 2808 1010 2874 modo
1033 2809 1134 2875 satis-

184 2908 369 2973 factionem
394 2907 547 2990 accepit:
571 2926 634 2972 noc
657 2926 766 2990 usque
786 2907 830 2972 ad
853 2907 943 2970 hunc
962 2908 1051 2972 diem
1071 2928 1134 2990 pro

183 3007 244 3074 illo
272 3007 475 3072 Judoeorum
503 3007 612 3073 exitio
639 3006 765 3088 aliquis
794 3007 963 3090 supplicio
991 3016 1045 3072 est
1074 3007 1135 3070 ad-

184 3107 310 3174 dictus.

235 3206 339 3274 Anno
374 3206 485 3287 primo
516 3205 671 3289 ejusdem
710 3205 802 3286 regis
838 3203 993 3278 Ricardi,
1017 3222 1270 3268 mensennno.

187 3306 382 3382 Decembri,
397 3301 612 3370 Willelmus⁵
637 3323 701 3369 rex
720 3303 846 3367 Scotino
861 3303 957 3365 venit
980 3302 1132 3365 Cantua·
1145 3295 1273 3386 {md

185 3403 285 3481 riam,
315 3411 351 3468 et
375 3404 457 3468 fecit
479 3405 605 3468 ibidem
629 3391 845 3484 homagium⁶
869 3401 943 3482 regi
970 3399 1134 3476 Ricardo,
1147 3395 1298 3442 ⁶⁰⁶¹¹²⁰¹¹²⁸“‘·

186 3510 221 3566 et
236 3521 396 3568 reversus
412 3511 475 3568 est.

221 3731 228 3760 ¹
246 3733 408 3796 ‘praedicta'
419 3733 477 3783 MS.
489 3733 584 3783 Lensd.
675 3731 741 3782 Dec.
759 3735 784 3793 5,
801 3733 875 3791 1189,
885 3729 949 3778 from
965 3729 1000 3778 all
1016 3729 1058 3778 tbe
1074 3729 1138 3778 obli·

221 3799 232 3830 ²
248 3803 257 3830 ‘
268 3802 373 3864 regem,'
385 3802 442 3854 MS.
455 3802 551 3852 Lansd.
676 3800 774 3863 satione
785 3800 817 3848 he
832 3799 883 3848 hed
894 3799 1039 3848 contracted
1050 3799 1084 3859 by
1096 3799 1138 3846 the

221 3869 421 3933 ”indignatur
454 3871 558 3934 igibrr,'
592 3868 650 3918 MS.
675 3874 757 3930 treaty
767 3869 796 3918 of
811 3868 922 3930 Fuluiae,
937 3868 965 3916 in
977 3871 1049 3916 1174.
1086 3869 1139 3928 Ry-

188 3941 282 3990 Lansd.
676 3953 737 4000 mer,
754 3937 873 3997 Foedera,
885 3950 904 3986 1.
917 3940 966 3994 5⁰3
985 3935 1140 3984 Benedictus

220 4009 230 4037 ⁴
246 4009 373 4071 supplied
383 4008 446 4058 from
459 4007 517 4057 MS.
529 4007 624 4056 Imnsd.
676 4007 775 4068 Abbas,
786 4020 815 4054 rr.
827 4005 937 4065 575,ο(1.
950 4002 1062 4052 Hoerne.

222 4077 300 4127 'The
323 4079 394 4142 Ktng
412 4077 442 4126 of
461 4077 592 4138 scotland,
614 4077 653 4125 ior
712 4075 802 4123 ⁶This
824 4073 931 4134 homage
955 4085 1010 4120 was
1038 4071 1077 4119 ior
1098 4070 1140 4118 tbe

188 4147 229 4196 the
240 4162 296 4196 snm
305 4147 334 4196 of
344 4145 433 4208 1⁰,000
445 4146 542 4207 marks,
552 4146 653 4196 obtain·
678 4143 786 4206 English
803 4142 962 4203 possessione
979 4139 1040 4188 beid
1052 4140 1141 4201 hythe

188 4217 241 4264 eda
250 4217 388 4266 cheneres
397 4218 568 4278 acquittnnce,
576 4213 654 4264 dated
679 4212 790 4264 Scottisb
803 4211 881 4274 King.

994 4309 1037 4352 ct
