3132 4988
409 469 578 517 wlnrnnr
603 467 649 515 nn
673 467 958 516 nnursonunon.
1092 451 1157 518 lto

203 625 272 689 Ille
294 625 432 708 quidem
452 625 542 688 vires
561 642 735 688 resumere
756 633 863 708 atque
884 626 1074 691 exercitum
1096 647 1153 693 eo·
1175 642 1302 734 mop-

203 745 286 806 gere
303 725 433 789 frustra
455 731 602 788 conatus
620 723 776 805 fugiebat
797 743 819 788 a
843 725 931 789 facie
945 745 1152 809 persequen-
1165 719 1318 760 ·-’-··’·

202 825 260 901 tis,
285 845 388 906 quem
410 823 551 888 tandem
572 819 691 886 ‘rex’¹
717 823 752 886 in
771 824 921 905 quodam
944 827 1153 891 monasterio

202 924 473 998 delitescentem,
504 921 728 1004 prodentibus
758 941 837 986 eum
866 924 1071 1006 quibusdam
1101 926 1153 988 in-

204 1023 336 1086 sulanis
372 1022 497 1104 quibus
541 1021 665 1085 merito
708 1040 836 1086 exosus
873 1030 959 1098 erat,
999 1042 1153 1106 compre·

204 1121 336 1196 bendit,
355 1129 390 1184 et
410 1119 557 1184 vinculis
579 1117 838 1202 ‘justissimis’t
857 1121 1056 1190 innodavit:
1078 1122 1154 1185 vin·

205 1220 268 1282 ciri
283 1227 398 1284 autem
414 1219 547 1301 jussus,
563 1218 695 1282 dixisse
709 1219 829 1296 fertur,
839 1219 933 1302 quod
950 1221 1040 1284 ferro
1059 1222 1155 1284 vinc-

205 1326 265 1382 tus
287 1319 357 1382 cito
381 1317 567 1382 deficeret:
600 1317 644 1380 sd
674 1318 766 1399 quod
795 1337 870 1394 rex,
901 1325 924 1354 “
937 1319 1066 1396 Bane,''
1092 1321 1153 1397 ait,

205 1415 404 1500 “loquitnr,
431 1417 514 1498 quia
538 1415 661 1480 nobilis
686 1423 751 1494 est,
779 1425 815 1481 et
838 1419 925 1480 mori
949 1437 1028 1482 eum
1054 1419 1154 1484 nolu·

206 1535 297 1593 mus,
324 1516 386 1580 sed
415 1525 455 1579 ut
476 1515 574 1580 vivat
595 1515 758 1579 innoxius
787 1517 959 1597 argenteis
981 1518 1154 1600 astringa-

206 1624 266 1679 tur
287 1615 454 1679 catenis.”
505 1614 594 1678 Mox
618 1621 694 1678 tota
715 1614 839 1690 insula,
865 1618 1053 1698 tyrannicis
1075 1637 1287 1682 sau-rausero

207 1715 262 1778 eia
284 1711 517 1790 ‘morsibus,'³
538 1719 661 1794 sponte
683 1713 719 1776 in
742 1711 895 1797 ejusdem
916 1716 1080 1798 principis
1103 1716 1154 1779 di·
1166 1690 1283 1781 iffi?
1284 1709 1292 1717 ’

206 1813 336 1876 tionem
379 1812 665 1894 devotionemque
710 1831 748 1875 se
792 1814 981 1892 transtulit,
1020 1816 1156 1878 cunctis

206 1911 258 1976 illi
280 1911 424 1976 urbibus
449 1918 486 1975 et
511 1911 767 1987 munitionibus,
790 1931 922 1976 necnon
950 1919 985 1976 et
1013 1912 1156 1995 opulen-

207 2011 350 2075 tissimis
373 2009 513 2093 tyranni
539 2009 720 2086 thesauris,
747 2028 825 2074 cum
852 2012 956 2076 unica
982 2011 1060 2094 ejus
1086 2011 1158 2076 lilia

207 2110 405 2190 resignatis.
466 2108 602 2187 Quibus
636 2108 780 2173 feliciter
809 2109 897 2174 actis
927 2129 989 2192 per
1024 2109 1158 2191 aliquot

208 2208 338 2273 diesin
363 2227 472 2290 regno
494 2226 586 2272 novo
610 2207 789 2273 victoriam
819 2227 899 2272 cum
928 2205 1040 2290 gloria
1067 2209 1156 2272 cele-

207 2309 327 2384 brans,
353 2307 540 2388 praeclaras
570 2307 688 2389 copias
716 2307 760 2370 ad
787 2306 992 2372 Christianis
1015 2309 1157 2392 expedi-

207 2407 313 2471 tionis
336 2406 528 2470 subsidium
548 2405 729 2470 ‘solicitus
740 2404 767 2440 ’⁴
786 2406 987 2472 ordinabat:
1009 2428 1079 2472 non
1105 2409 1156 2472 la·

208 2513 306 2570 tuere
338 2506 408 2570 ista
441 2504 676 2570 Christianum
712 2506 902 2570 exercitum
936 2507 996 2588 qui
1035 2507 1156 2572 Ptolo·

209 2606 361 2669 maidam
395 2604 588 2680 obsidebat,
621 2610 727 2686 atque
765 2604 842 2686 ejus
877 2625 956 2669 cum
988 2605 1157 2670 desiderio

210 2701 479 2786 praestolabatur
494 2721 684 2767 accessam.
737 2703 818 2785 Ipse
835 2721 930 2780 vero,
954 2705 1058 2787 paulo
1080 2705 1158 2788 plus

209 2804 347 2868 duobus
383 2804 557 2868 mensibus
596 2803 632 2865 in
665 2799 783 2885 Cypro
817 2804 962 2878 exactis,
994 2811 1029 2868 et
1056 2805 1159 2868 rebus

209 2903 346 2984 magnis
376 2903 492 2984 spatio
523 2909 595 2966 tam
631 2901 727 2978 brevi
759 2903 920 2984 patratis,
951 2901 1076 2968 hilares
1104 2923 1160 2968 co-

211 3002 288 3084 pias
312 3003 349 3066 in
379 3000 514 3084 Syriam
542 3000 772 3065 traducendas
798 2997 903 3065 ‘ad'⁵
926 3021 1034 3067 naves
1059 3023 1159 3068 revo-

211 3110 290 3167 cat:
325 3100 486 3183 ordinata
520 3099 639 3180 igitur,
675 3107 778 3182 prout
816 3099 928 3165 voluit
968 3107 1002 3164 et
1034 3101 1160 3176 decuit,

211 3201 337 3276 insula,
372 3199 573 3280 cunctisque
604 3200 671 3263 rite
704 3199 892 3281 dispositis,
931 3198 1161 3262 arridentibus

210 3319 350 3382 quoque
374 3298 551 3362 elementis
579 3305 682 3381 portu
710 3297 897 3380 egreditur,
922 3288 1269 3378 ‘velocique'⁶121,h„d

209 3418 316 3463 cursu
371 3396 627 3462 Ptolemaidem
683 3413 872 3478 properans
917 3396 1115 3459 ‘triremem
1130 3391 1161 3450 ’i
1174 3377 1314 3469 iffi?

208 3498 401 3562 maximam
429 3495 622 3560 onerariam
653 3497 787 3560 eminus
814 3495 1007 3578 conspexit,
1035 3513 1114 3578 quae
1140 3509 1300 3584 amptum,

209 3595 378 3662 Saladino
416 3596 533 3673 missa,
565 3596 716 3660 obsessis
748 3595 784 3658 in
823 3593 1043 3660 Ptolomaida
1076 3585 1284 3674 mul-3333&

211 3696 343 3779 tiplicis
373 3694 518 3759 subsidii
549 3694 684 3776 copiam
718 3694 906 3772 deferebat,
929 3694 1071 3773 ‘sontis
1100 3714 1163 3760 va·

250 3931 257 3961 ¹
276 3927 391 3977 Omitted
402 3927 430 3974 in
441 3926 498 3977 MS.
511 3927 580 3975 Cott.
589 3925 649 3974 Tib.
738 3923 747 3953 ⁴
770 3926 907 3986 ‘sollicite,’
918 3927 974 3976 MS.
987 3926 1082 3974 Lansd.

248 3997 486 4058 ’‘suistissimis,'
522 3996 580 4046 MS.
609 3995 677 4045 Oott.
737 3993 748 4023 ⁶
765 3995 879 4044 Omitted
890 3998 916 4042 in
928 3995 984 4042 MS.
996 3995 1063 4042 Gott.
1072 3993 1129 4053 Tib.

210 4069 270 4117 Tib.
738 4061 749 4092 ⁶
766 4063 918 4126 ‘rectoque,'
929 4063 987 4112 MS.
999 4062 1095 4111 Iasnsd.

249 4135 260 4164 ³
275 4133 422 4196 ‘moribus,’
434 4135 511 4184 MSS.
523 4133 678 4185 tamtarn
737 4128 748 4166 ⁷
765 4132 889 4194 ‘navem,'
908 4131 984 4180 MSS.
1003 4131 1098 4181 Lausd.
1115 4131 1166 4180 and

212 4207 282 4256 Gott.
292 4205 351 4254 Tib.
704 4201 841 4252 Cott'l'ib.
