3134 4990
441 442 507 507 212
811 453 1022 500 cunculcou

299 627 392 668 norm
401 629 420 669 1.
444 620 501 675 tus
529 613 594 674 sub
631 608 857 672 meditatione
891 625 1018 688 pugnae
1054 625 1117 687 per
1150 606 1223 670 dies
1260 606 1395 687 aliquot

283 679 634 776 Qexcubaret
658 709 695 771 in
719 708 855 781 castris,
877 705 1104 768 interlabente
1125 724 1237 780 amne,
1257 705 1398 769 videns·

445 829 512 891 que
532 829 596 873 rex
620 806 776 870 Franciae
805 824 843 868 se
865 805 996 866 viribus
1021 804 1083 866 illa
1113 805 1189 868 vioe
1215 796 1398 885 imparem,

445 907 614 990 cogitavit
635 906 676 969 de
698 905 802 985 suga3
830 902 890 968 sed
913 901 995 983 quia
1018 921 1087 965 non
1115 909 1251 984 poterat
1276 921 1397 965 secure

446 1007 578 1088 sugere,
608 1005 674 1066 nisi
711 1002 899 1065 munitione
927 1001 1023 1082 prius
1055 1001 1181 1084 diruta,
1212 1001 1399 1064 confestim

447 1107 519 1169 arci
536 1111 571 1168 et
585 1102 756 1166 moenibus
777 1099 999 1164 suffodiendis
1020 1099 1075 1162 die
1097 1109 1272 1180 noctuque
1289 1101 1399 1164 insta-

447 1205 528 1281 bat;
551 1202 706 1266 adversae
722 1200 831 1281 partis
845 1199 1012 1279 impetum
1026 1199 1163 1262 interim
1180 1198 1304 1262 callide
1319 1218 1411 1263 sus·-

448 1301 599 1383 pendens
624 1300 742 1386 dolose
762 1297 942 1382 tractando
968 1296 1010 1359 de
1031 1315 1125 1378 pace.
1178 1297 1312 1363 Verum
1335 1319 1399 1362 rex

448 1398 643 1479 Anglorum
654 1417 699 1460 ex
709 1396 889 1478 repentina
899 1394 1055 1458 suffossae
1065 1395 1153 1458 arcis
1167 1397 1400 1461 ruinadolum

448 1497 659 1577 intelligens,
680 1495 812 1576 ingenti
832 1495 947 1558 animo
968 1505 1098 1558 turmas
1117 1513 1200 1557 suas
1215 1495 1400 1561 ordinabat

451 1597 495 1660 ad
528 1613 701 1677 pugnam:
739 1613 843 1675 porro
879 1593 1092 1657 Francorum
1122 1594 1296 1657 exercitus
1329 1615 1400 1658 non

451 1701 636 1776 expectato
676 1692 758 1756 belli
798 1691 994 1755 discrimine
1036 1692 1147 1770 abiit3
1197 1695 1400 1774 compositis

452 1801 566 1857 tamen
584 1792 760 1856 ordinibus
777 1798 817 1853 ut
833 1790 1020 1872 prudenter
1034 1791 1154 1853 cedere
1170 1810 1239 1853 non
1253 1793 1402 1873 turpiter

451 1892 570 1974 fugere
614 1891 804 1955 videretur:
846 1908 910 1952 rex
945 1908 1027 1953 vero
1076 1888 1262 1966 Ricardus,
1299 1909 1401 1955 amne

452 1991 611 2067 transito,
632 1995 776 2053 nonest
797 2007 859 2052 eos
880 1988 1067 2065 insecutus,
1088 1987 1148 2052 sed
1172 1988 1401 2054 reformanda

290 2095 433 2194 {pffiffl
454 2090 636 2154 munitioni
651 2088 733 2152 totis
751 2106 788 2150 se
805 2087 934 2150 viribus
951 2087 1111 2151 contulit.
1165 2087 1295 2170 Eodem
1314 2096 1406 2152 tem-

293 2194 359 2244 rog.
453 2208 537 2270 pore
564 2208 628 2251 rex
658 2185 829 2250 Ricardus
857 2205 918 2267 per
949 2184 1209 2267 stipendiariam
1242 2187 1401 2264 militiam
1461 2219 1464 2226 ·

453 2305 552 2350 suam
572 2283 737 2367 ‘quam'¹
761 2282 958 2347 ‘Ruthas’.2
980 2291 1119 2361 vocant,
1142 2290 1345 2367 expugnato
1367 2296 1403 2352 et

453 2391 556 2466 capto
571 2379 816 2448 ‘Ysouduno'³
830 2401 907 2444 curn
924 2383 1131 2464 quibusdam
1144 2383 1222 2447 aliis
1239 2387 1402 2450 munitio·

455 2483 568 2560 nibuS,
580 2481 664 2545 fines
677 2499 758 2545 suos
776 2481 813 2546 in
830 2481 1058 2546 ‘Bituricensi
1068 2479 1096 2515 '⁴
1110 2483 1290 2565 provincia
1303 2505 1404 2566 egre·

455 2583 511 2662 gie
538 2581 717 2658 dilatavit;
751 2579 980 2662 comitemque
1002 2579 1250 2645 Alvernensem
1279 2584 1338 2665 qui
1361 2587 1403 2648 ab

457 2700 498 2744 eo
520 2680 653 2763 pridem
679 2685 880 2755 recesserat,
906 2698 969 2760 per
997 2679 1136 2743 eosdem
1161 2681 1404 2762 stipendiarios

456 2785 608 2859 captum,
625 2797 703 2841 cum
732 2778 804 2841 suis
829 2778 1076 2842 munitionibus
1103 2779 1141 2840 in
1166 2797 1266 2842 suam
1291 2789 1407 2863 potes-

361 2921 367 2935 .
456 2884 565 2940 tatem
587 2875 732 2956 redegit.
785 2874 927 2940 Interim
952 2896 1046 2953 vero,
1068 2876 1298 2942 mediantibus
1322 2882 1405 2945 viris

455 2974 695 3057 prudentibus,
728 2975 907 3038 bimestres
940 2974 1153 3039 intervenere
1187 2977 1334 3042 induciae
1365 2988 1405 3044 nt

455 3075 493 3139 in
511 3073 575 3138 hoe
597 3073 711 3157 spatio
737 3068 1044 3138 ‘deliberaretur’⁵
1070 3072 1219 3157 deipsis
1244 3077 1403 3156 induciis,

456 3174 512 3239 vol
528 3174 565 3236 in
582 3172 728 3236 solidam
743 3191 877 3254 pacem,
894 3173 970 3236 Deo
986 3173 1148 3255 propitio,
1166 3177 1406 3241 convertendis

458 3274 513 3338 vel
530 3273 653 3338 saltem
671 3271 707 3334 in
723 3278 851 3334 ‘annos
864 3261 893 3304 ’⁶
909 3271 1043 3353 aliquot
1059 3272 1282 3353 protelandis,

493 3470 500 3500 ι
519 3469 619 3533 ‘qm’
631 3470 689 3520 MS.
701 3469 768 3520 Gott.
779 3470 837 3521 Tib.
977 3466 987 3502 ⁴
1002 3465 1172 3534 ‘Baricensi,'
1183 3470 1241 3522 MS.
1255 3471 1323 3524 Cott.
1335 3473 1395 3526 Tib.

491 3538 527 3570 2‘
536 3540 658 3602 Ruchas,'
677 3539 754 3592 MSS.
766 3539 832 3588 con.
844 3539 916 3589 Arm.
996 3560 999 3566 ·

457 3610 509 3659 and
520 3609 587 3658 Oott.
597 3607 655 3658 Tib.
978 3606 1261 3674 “deliberetur,’MS.
1273 3611 1369 3663 Lunsd.

490 3676 504 3705 ³
519 3673 676 3738 ‘Yseudum’
695 3675 753 3727 MS.
765 3676 833 3726 Gott.
845 3678 918 3738 Tib.;
1104 3693 1108 3701 ·

458 3746 516 3795 nou.
529 3745 667 3794 rsrouaun.
977 3742 988 3772 ⁶
1005 3727 1114 3811 ‘mnis’
1126 3748 1183 3799 us.
1194 3748 1263 3799 coa.
1275 3749 1333 3801 nro.
