3134 4990
431 501 599 548 wicram
624 502 670 548 nn
694 482 977 550 uuurucnuncu.
1102 487 1168 551 269

220 666 337 720 noster
352 657 528 720 mittemus
544 657 795 741 ‘justitiarios'¹
815 678 875 740 per
890 678 1170 741 unumquemque

221 755 422 819 comitatum
463 757 568 818 semel
605 757 640 819 in
669 776 771 832 anno,
800 758 859 838 qui
889 777 967 820 cum
1007 759 1171 821 militibus

222 855 446 919 comitatuum
471 856 610 936 capiant
628 856 664 917 in
687 857 907 919 comitatibus
935 857 1062 920 assisas
1083 875 1171 938 prae-

223 953 354 1028 dictas;
379 960 414 1016 et
435 951 526 1016 ‘ea'2
547 955 679 1035 quaein
700 954 761 1017 illo
778 955 930 1019 adventu
950 973 1013 1018 suo
1035 955 1070 1017 in
1091 962 1171 1020 ‘co-

191 1050 378 1120 5mitatu'³
403 1072 464 1134 per
490 1053 745 1135 ‘justitiarios‘
770 1055 954 1136 praedictos
989 1053 1031 1117 ad
1061 1056 1171 1118 dietas

225 1151 353 1214 assisas
373 1151 558 1234 capiendas
579 1153 702 1215 missos
722 1153 898 1215 terminari
921 1173 989 1216 non
1016 1161 1172 1234 possunt,

224 1271 286 1332 per
300 1251 436 1314 eosdem
453 1251 679 1313 terminentur
693 1251 775 1314 alibi
789 1253 824 1313 in
844 1252 966 1314 itinere
984 1272 1059 1328 suo,
1080 1259 1115 1315 et
1132 1272 1174 1315 ea

225 1369 302 1430 qnae
318 1370 379 1430 per
401 1349 538 1413 eosdem
558 1358 699 1431 propter
719 1349 956 1413 difficultatem
980 1351 1174 1431 aliquorum

226 1449 451 1535 articulorum
465 1449 641 1512 terminari
656 1468 724 1512 non
745 1455 902 1530 possunt,
920 1449 1113 1512 referantur
1130 1450 1174 1512 ad

176 1551 214 1608 10
221 1547 430 1630 justitiarios
454 1555 592 1610 nostros
611 1548 654 1610 de
672 1549 794 1624 banco,
812 1556 847 1611 et
869 1548 917 1610 ibi
937 1549 1174 1612 terminentur.

227 1645 357 1710 Assisee
373 1648 415 1711 de
430 1646 553 1710 ultima
567 1649 832 1728 praesentatione
848 1666 983 1727 semper
995 1649 1177 1729 capiantur

228 1765 344 1809 coram
355 1746 555 1828 justitiariis
575 1743 757 1808 ‘nostris'⁵
776 1747 818 1808 de
842 1747 963 1821 banco,
984 1753 1019 1809 et
1038 1747 1086 1809 ibi
1107 1754 1177 1809 ter-

228 1845 412 1909 minentur.
465 1845 569 1908 Liber
582 1845 685 1909 homo
697 1865 766 1908 non
781 1846 983 1908 amercietur
996 1865 1058 1926 pro
1068 1865 1177 1926 parvo

229 1942 354 2007 delicto
370 1935 492 2006 ‘sed'6
507 1944 694 2007 secundum
717 1945 854 2007 moduni
873 1944 982 2024 ipsius
999 1944 1126 2014 delicti.
1143 1953 1178 2008 et

179 2045 216 2100 15
231 2062 292 2124 pro
309 2062 438 2122 magno
460 2042 597 2118 delicto,
618 2045 805 2107 secundum
826 2043 1097 2122 magnitudinem
1119 2044 1177 2107 de-

229 2141 421 2216 licti,salvo
437 2150 697 2206 contenemento
716 2162 778 2205 suo
791 2163 799 2222 ;
825 2150 860 2205 et
876 2150 1046 2206 mereator
1061 2143 1178 2206 eodem

231 2240 345 2316 modo,
360 2241 459 2305 salva
478 2241 691 2304 mercandisa
712 2261 796 2316 sua3
822 2249 857 2304 et
873 2241 1021 2304 villanus
1038 2242 1179 2304 alterius

231 2358 335 2420 quam
371 2350 488 2403 noster
525 2341 645 2403 eodem
687 2342 789 2404 modo
829 2341 1044 2417 amercietur,
1082 2340 1180 2403 salvo

132 2460 133 2463 ¹
234 2429 470 2520 ‘wainagio'⁷
499 2458 573 2515 suo,
605 2441 635 2502 si
666 2439 824 2504 inciderit
852 2439 887 2500 in
911 2438 1180 2504 misericordiam

181 2543 220 2600 20
234 2546 397 2602 nostram.
466 2539 512 2601 Et
538 2537 634 2603 nulla
661 2538 902 2620 praedictarum
931 2539 1180 2601 misericordia-

235 2643 488 2718 imponatur,
507 2638 571 2700 nisi
594 2658 654 2719 per
676 2644 928 2700 sacramentum
945 2638 1130 2718 proborum
1148 2645 1182 2700 et

233 2737 395 2818 legalium
408 2736 584 2801 hominnm
599 2736 641 2799 de
655 2737 809 2800 visneto:
829 2738 970 2799 comites
986 2743 1021 2798 et
1035 2737 1182 2799 barones

235 2857 304 2900 non
325 2836 553 2900 amercientur
575 2837 641 2898 nisi
660 2855 721 2917 per
741 2855 842 2916 pares
861 2855 955 2912 suos,
971 2843 1006 2899 et
1029 2855 1096 2898 nou
1118 2836 1184 2898 nisi

235 2937 422 3000 secundum
451 2935 589 2998 modum
622 2935 747 2998 delicti.
811 2935 922 2998 Nulla
951 2934 1185 2999 ecclesiastiea

147 3021 149 3025 ¹
182 3041 221 3098 25
235 3054 382 3118 persona
403 3034 606 3098 amercietur
625 3034 811 3096 secundum
835 3025 1062 3115 quantitatem
1082 3037 1184 3097 bene-

235 3135 304 3197 ficii
319 3135 372 3197 sui
394 3133 631 3207 ecclesiastici,
652 3133 713 3196 sed
733 3134 921 3197 secundum
949 3133 1075 3196 laicum
1089 3140 1185 3196 tene-

236 3241 389 3297 mentum
410 3252 511 3296 suum
535 3240 571 3296 et
594 3231 779 3296 secundum
803 3233 1035 3313 quantitatem
1057 3231 1184 3295 delicti.

238 3334 314 3398 Nee
331 3333 415 3396 villa
429 3351 492 3395 nec
508 3329 664 3394 ‘homo’⁸
680 3332 908 3412 distringatur
925 3331 1038 3395 facere
1061 3337 1185 3412 pontes

237 3432 282 3497 ad
296 3433 442 3514 riparias
457 3431 523 3494 nisi
538 3431 596 3513 qui
613 3429 711 3493 ‘ex'9
725 3433 868 3512 antiquo
880 3439 915 3494 et
925 3431 967 3494 de
978 3431 1058 3514 jure
1074 3430 1187 3492 l'acere

184 3543 224 3599 30
237 3539 247 3566 ‘
260 3533 371 3596 debet.
425 3530 534 3595 Nulla
560 3531 690 3612 riparia
712 3528 754 3593 de
776 3537 901 3593 caetero
926 3526 1152 3600 defendatur,’
1164 3527 1188 3561 1⁰

238 3633 303 3695 nisi
329 3631 399 3694 illae
427 3651 505 3712 quae
530 3629 668 3693 fuerunt
688 3630 723 3692 in
754 3630 892 3693 defenso
919 3637 1073 3710 tempore
1096 3627 1188 3707 regis

274 3901 281 3930 ¹
298 3902 463 3964 ‘justitiarios
474 3903 580 3949 nostros.
763 3892 773 3924 ⁷
789 3890 937 3957 ‘wanagia'

273 3969 284 3998 ⁹
300 3971 382 4020 (ΠΜ
762 3987 772 4016 ⁸
790 3989 870 4037 ‘liber
881 3988 973 4035 homo!

273 4039 284 4070 ¹
300 4038 469 4090 ‘comitatus’
762 4079 772 4110 ο
788 4081 855 4130 ‘ab.'

274 4109 283 4138 ⁴
300 4111 466 4172 ‘justitiarios
477 4107 592 4156 nostros!
1047 4165 1052 4176 ι
1105 4163 1110 4174 .

274 4179 284 4208 ⁵
301 4180 423 4230 Omitted.
753 4166 771 4198 ¹⁰
787 4167 905 4216 ‘debent
934 4166 1021 4214 Nullae
1033 4177 1136 4225 ripariae
1148 4163 1192 4210 de-

275 4248 285 4280 ⁰
302 4250 387 4300 ‘nisi'
728 4239 862 4288 tendantur
873 4237 904 4284 de
917 4235 1016 4284 cetero?

1197 675 1271 721 Heury
1281 673 1324 712 111.

1197 725 1256 762 ll.D.
1268 725 1324 762 1225.

1185 809 1265 855 Magna

1184 859 1268 897 Ctisrta.
