3132 4988
779 481 988 530 CHRONICON

267 771 343 818 noun
352 767 395 807 111·
549 757 599 826 Dc
612 756 840 840 Koaylwortlt3
861 765 890 822 et
904 756 991 823 Bello
1005 757 1043 822 do
1057 757 1237 823 E'eeslame.

268 821 295 860 Δ.
303 820 329 859 D.
340 819 396 857 rtet.

250 870 401 886 ιιι-ιιι...-

257 941 407 1032 ffffiffl
470 934 603 1000 Audita
623 935 785 1000 evasione
802 934 863 998 filii
881 935 971 1016 regis
989 953 1011 997 a
1030 953 1180 1011 carcere,
1198 937 1370 1000 concurrit

258 1042 357 1082 ΕΔΜ·
420 1034 464 1098 ad
483 1053 562 1098 eum
578 1033 707 1098 multus
730 1034 877 1116 populus
895 1040 929 1098 et
949 1053 1027 1097 cum
1050 1034 1216 1098 immenso
1241 1035 1370 1114 gaudio

421 1140 648 1215 susceperunt
664 1152 755 1208 eum,
774 1133 865 1196 inter
886 1152 973 1214 quos
990 1133 1090 1214 quasi
1105 1134 1236 1213 primus
1253 1134 1371 1197 extitit

421 1253 537 1296 comes
564 1231 792 1296 Gloucestrise
821 1238 857 1295 et
882 1232 1000 1297 caeteri
1025 1230 1158 1311 regales
1189 1232 1249 1312 qui
1277 1233 1370 1313 apud

423 1332 574 1396 Bristow
590 1338 625 1394 et
641 1332 678 1394 in
694 1331 840 1395 confinio
855 1329 930 1414 ejus
945 1330 1003 1394 diu
1019 1337 1228 1415 manserant,
1244 1331 1370 1394 crevit·

327 1413 332 1429 ’
423 1430 546 1511 quein
571 1437 724 1511 tempore
746 1430 843 1493 brevi
866 1430 1040 1494 exercitus
1069 1429 1143 1511 ejus
1166 1430 1202 1493 in
1228 1429 1368 1493 immen-

423 1547 519 1607 sum3
546 1547 616 1610 quo
632 1529 773 1609 cognito
800 1528 916 1592 timuit
943 1529 1009 1592 sibi
1032 1546 1146 1592 comes
1172 1527 1369 1592 Leicestriee

423 1626 543 1690 Simon
573 1626 616 1691 de
649 1626 879 1703 Monte-forti,
909 1634 945 1690 et
974 1628 1113 1691 mittens
1139 1627 1174 1689 in
1203 1627 1368 1691 Walliam

422 1725 562 1790 vocavit
582 1725 662 1790 inde
685 1726 825 1802 multos,
850 1733 886 1790 et
916 1728 1021 1790 robur
1045 1727 1100 1788 sui
1127 1727 1299 1790 exercitus
1325 1745 1371 1789 ex

423 1825 518 1888 omni
532 1843 602 1905 qua
623 1824 737 1906 potuit
752 1832 852 1907 parte
868 1824 1133 1906 multiplicavit3
1159 1825 1251 1888 misit
1266 1825 1371 1888 etiam

424 1922 597 1986 Simonem
620 1923 728 1987 filium
753 1943 853 1987 suum
879 1925 924 1988 ad
949 1931 1129 2006 magnates
1153 1924 1308 1988 boreales
1330 1932 1371 1987 ut

424 2041 484 2086 eos
507 2041 586 2085 cum
610 2023 704 2087 omni
734 2022 953 2087 festinatione
978 2023 1182 2093 adduceret;
1219 2023 1291 2105 qui,
1316 2042 1372 2086 co-

424 2121 584 2184 adunatis
599 2121 717 2185 multis
729 2121 799 2185 fere
810 2138 878 2186 XX.
890 2122 1079 2186 banerettis
1090 2128 1124 2184 et
1134 2121 1234 2202 plebe
1250 2121 1370 2197 multa,

423 2218 506 2284 fecit
534 2219 783 2302 aliquantisper
811 2220 995 2284 stationem
1026 2220 1119 2302 apud
1151 2227 1303 2284 oestrum
1328 2221 1371 2283 de

427 2315 676 2400 Kenylworth3
700 2324 759 2382 ‘et
780 2319 860 2382 inde
886 2320 1062 2400 digressus
1087 2319 1251 2400 spoliavit
1270 2319 1370 2383 Win-

425 2417 569 2494 toniam,
585 2424 620 2480 et
639 2418 763 2482 iterum
785 2435 946 2482 reversus
967 2424 1021 2480 est
1041 2418 1085 2481 ad
1103 2416 1371 2500 Kenylworth.’¹

427 2513 710 2599 Nunciatumque
734 2524 788 2580 est
810 2517 876 2580 hoc
904 2516 1074 2581 Edwardo
1100 2516 1172 2579 filio
1197 2517 1289 2598 regis
1311 2536 1372 2599 per

426 2615 680 2696 exploratorem
712 2635 813 2679 suum
845 2615 1023 2698 Margoth,
1047 2617 1107 2697 qui
1139 2634 1217 2678 cum
1250 2616 1371 2686 mulier

427 2722 519 2777 esset
535 2715 572 2776 in
590 2721 686 2778 veste
705 2721 822 2778 tamen
843 2715 934 2778 virili
952 2715 1048 2778 velut
1066 2713 1168 2778 horno
1190 2715 1371 2794 gradieba-

425 2817 494 2886 tur,
507 2818 544 2874 et
559 2831 622 2894 per
633 2811 857 2894 Radulphum
872 2813 914 2876 de
925 2811 1094 2889 Arderne,
1111 2813 1170 2894 qui
1185 2832 1263 2876 cum
1281 2820 1372 2892 esset

426 2927 470 2978 ex
497 2915 595 2989 parte
622 2910 730 2974 altera
758 2912 936 2976 consocios
966 2919 1081 2975 tamen
1103 2911 1231 2994 prodiit
1254 2920 1290 2976 et
1314 2913 1374 2975 de-

426 3007 535 3087 cepit:
559 3015 702 3090 eratque
717 3014 799 3072 tunc
811 3008 1004 3074 Edwardus
1021 3010 1113 3091 apud
1122 3010 1371 3086 Wircestriam,

426 3125 531 3188 quam
553 3113 633 3187 post
648 3105 902 3172 Gloucestriam
919 3109 1024 3190 paulo
1041 3115 1123 3171 ante
1138 3108 1321 3184 devicerat,
1337 3116 1374 3172 et

426 3211 570 3287 accepto
586 3207 712 3270 nuncio
726 3225 937 3287 consurgens
953 3207 996 3269 de
1012 3213 1113 3270 nocte
1130 3207 1227 3282 abiit,
1245 3213 1280 3270 et
1296 3227 1374 3288 per-

425 3305 522 3367 venit
539 3303 582 3367 ad
599 3305 713 3368 locum
731 3324 831 3385 quem
847 3304 1140 3388 praeordinaverat
1156 3305 1373 3386 exploratrix

425 3401 487 3464 illa
510 3402 553 3468 ad
577 3403 778 3466 armandum
800 3423 849 3480 se,
871 3410 946 3467 erat
967 3404 1058 3466 enim
1079 3403 1179 3467 vallis
1202 3403 1373 3484 profunda

315 3569 317 3574 ,
427 3505 463 3563 et
489 3520 596 3583 prope
617 3502 730 3578 locum
750 3502 876 3580 castri3
904 3501 1054 3584 dumque
1079 3508 1253 3564 armarent
1274 3520 1323 3578 se,
1338 3509 1374 3564 et

428 3616 536 3679 equos
557 3600 746 3680 cingerent,
763 3599 949 3664 audiebant
971 3599 1121 3665 sonitum
1144 3618 1167 3662 a
1189 3599 1292 3680 longe
1315 3619 1373 3663 ve-

429 3695 592 3773 nientem,
609 3704 644 3761 et
658 3698 836 3774 timebant,
852 3699 1016 3775 dicentes,
1031 3703 1054 3732 “
1066 3697 1269 3760 Praemuniti
1292 3705 1377 3762 sunt

266 3788 415 3882 ffiffiffi·
428 3792 546 3857 hostes
568 3796 691 3871 nostri,
713 3802 748 3860 et
774 3796 946 3887 eccevjam
969 3796 1112 3860 veniunt
1124 3797 1158 3870 ;''
1187 3796 1376 3878 statimque

264 3893 412 3982 ffiffiffi·
428 3893 656 3958 ascenderunt
666 3912 775 3975 equos
792 3901 827 3957 et
848 3895 987 3967 lanceas
1004 3895 1039 3958 in
1055 3895 1214 3958 manibus
1229 3895 1378 3976 adapta·

425 3993 531 4074 bant3
557 4011 704 4077 cumque
721 3993 929 4057 direxissent
942 3994 1033 4057 acies
1050 4013 1132 4058 suas
1148 4000 1229 4057 ente
1242 3993 1377 4057 dilucu-

671 4201 679 4232 ¹
708 4205 834 4275 Supplied
846 4205 909 4255 from
922 4206 979 4256 MS.
993 4206 1089 4257 Lensd.
