3132 4988
382 457 451 522 318
754 469 965 517 ouaoruourt

230 645 361 734 ffigp
383 647 445 691 nes
470 627 635 691 insultum
661 625 823 689 fecissent
847 625 892 688 ad
915 632 1068 689 castrum
1089 644 1154 707 pro
1176 627 1340 692 Johanne

218 748 370 820 W
384 727 531 811 Gyffard
555 735 591 789 et
617 725 696 788 aliis
718 724 934 806 concaptivis
957 743 1046 804 quos
1064 725 1201 804 regales
1216 732 1227 759 ‘
1240 747 1339 790 acce-

221 831 301 870 Μ’·
383 834 506 907 perant
516 822 555 904 ;’¹
592 824 819 888 defenderunt
846 843 885 885 se
914 829 1054 886 strenue
1085 825 1338 888 ‘castrenses'²

384 933 419 987 et
435 925 570 987 emissis
593 923 672 986 telis
695 923 815 1002 ignitis
830 941 994 1000 magnam
1009 929 1144 1002 partem
1167 922 1262 986 villae
1284 924 1335 986 in·

384 1024 590 1100 cenderunt;
614 1020 707 1102 quod
722 1019 877 1083 videntes
893 1021 1041 1083 barones
1062 1029 1285 1086 retraxerunt
1299 1042 1336 1086 se

384 1129 418 1184 et
448 1121 490 1184 ad
523 1121 697 1184 abbatiam
731 1119 957 1193 diverterunt,
990 1125 1027 1182 et
1057 1119 1254 1183 illuminata
1282 1130 1336 1185 est

384 1219 531 1282 ecclesia
560 1219 639 1282 telis
668 1235 799 1292 eorum,
826 1217 887 1280 sed
911 1224 1028 1280 tamen
1057 1228 1138 1297 post
1162 1219 1335 1283 modicum

383 1319 474 1398 ignis
490 1318 549 1382 ille
563 1317 741 1381 extinctus
755 1322 831 1388 est;
857 1313 976 1378 videns
993 1322 1110 1378 autem
1125 1315 1217 1380 filius
1242 1319 1334 1398 regis

382 1435 501 1479 eorum
515 1416 695 1479 audaciam
708 1423 744 1476 et
759 1413 950 1476 recollectis
963 1414 1081 1477 multis
1097 1434 1142 1477 ex
1157 1416 1243 1491 suis,
1255 1436 1333 1479 cum

381 1515 626 1577 remansissent
642 1511 755 1576 adhuc
781 1510 899 1593 plures
918 1512 983 1574 viri
1005 1514 1246 1590 strenuissimi,
1261 1514 1331 1577 dis-

380 1613 497 1693 posuit
532 1614 658 1675 iterato
691 1612 787 1674 exire
814 1611 858 1672 ad
885 1629 1062 1692 pugnam:
1097 1630 1166 1692 quo
1191 1613 1331 1694 cognito

380 1712 548 1774 miserunt
561 1712 710 1773 barones
736 1709 943 1772 mediatores
970 1709 1134 1790 pacificos
1155 1711 1216 1792 qui
1240 1711 1331 1774 diem

380 1809 576 1873 differentes
613 1809 648 1870 in
680 1809 869 1870 crastinum
899 1809 1130 1888 promiserunt
1166 1810 1258 1890 quod
1292 1811 1330 1872 iu

380 1909 534 1970 crastina
569 1907 626 1970 die
657 1906 882 1986 loquerentur
917 1906 961 1969 de
998 1926 1084 1987 pace
1118 1907 1222 1988 plena
1250 1928 1329 1972 cum

381 2005 517 2069 effectu.
569 2003 730 2086 Actaque
751 2012 834 2068 sunt
860 2003 935 2066 baec
956 2005 992 2066 in
1015 2023 1133 2068 mense
1155 2005 1252 2069 Maio
1273 2007 1329 2069 die

380 2105 491 2167 sancti
503 2104 677 2167 Dnnstani
687 2101 866 2184 episcopi,³
877 2121 967 2166 anno
980 2104 1121 2167 Domini
1130 2121 1329 2182 moonxrv„

252 2233 264 2261 ο
299 2222 305 2232 ·
379 2204 538 2284 sequenti
554 2222 637 2265 vero
654 2202 710 2264 die
727 2202 828 2265 Jovis
847 2200 1086 2264 discurrebant
1100 2204 1190 2265 inter
1211 2223 1329 2284 regem

318 2334 330 2372 y
379 2307 414 2362 et
429 2303 577 2364 barones
591 2301 663 2362 bini
676 2308 712 2362 et
726 2300 797 2362 bini
810 2298 853 2362 de
869 2299 986 2362 ordine
1002 2300 1277 2364 Praedicatorum
1295 2310 1330 2364 et

381 2398 553 2462 Minornm
581 2405 759 2480 portantes
788 2400 895 2462 verba
922 2399 1079 2479 pacifica,
1107 2407 1144 2462 et
1172 2401 1222 2462 sic
1249 2420 1328 2464 cum

379 2498 585 2578 quibusdam
610 2497 688 2560 aliis
713 2498 973 2578 interponentes
997 2505 1126 2578 partes,
1150 2499 1243 2579 quod
1273 2519 1326 2563 se-

378 2598 497 2678 quenti
522 2596 578 2659 die
600 2595 748 2659 Veneris
773 2596 915 2659 tradidit
945 2615 984 2659 se
1009 2595 1101 2660 lilius
1127 2617 1191 2678 pro
1216 2605 1327 2678 patre,

379 2695 572 2758 Edwardus
585 2695 717 2759 scilicet
731 2714 794 2776 pro
809 2713 890 2774 rege
909 2702 944 2757 et
958 2713 1022 2777 pro
1037 2696 1173 2758 caeteris
1186 2698 1329 2760 commi·

377 2792 541 2857 litonibus
564 2794 649 2867 suis,
675 2799 711 2855 et
735 2791 909 2856 Henricus
931 2793 1022 2856 filius
1045 2795 1137 2874 regis
1163 2791 1327 2858 Aleman-

377 2891 444 2952 niae
459 2890 554 2953 dedit
574 2909 613 2953 se
634 2909 698 2971 pro
720 2897 820 2970 patre
835 2909 911 2967 suo,
927 2899 962 2955 et
984 2891 1049 2955 hoc
1072 2894 1137 2955 sub
1153 2912 1215 2974 spe
1230 2894 1326 2975 pacis

377 2994 413 3050 et
428 2989 567 3069 quietis,
582 2995 621 3050 ut
635 3007 714 3051 cum
731 2989 978 3053 deliberatione
1000 2997 1190 3055 tractarent
1211 2992 1327 3073 inpos-

376 3093 488 3151 terum
503 3107 583 3169 quae
600 3088 836 3169 provisionum
854 3096 889 3153 et
908 3095 1118 3153 statutorum
1132 3097 1246 3153 essent
1263 3110 1326 3171 pro

377 3187 527 3250 utilitate
563 3187 660 3267 regni
695 3186 855 3262 tenenda,
890 3195 926 3252 et
962 3207 1041 3269 quae
1076 3188 1327 3253 rationabiliter

375 3286 580 3362 recusanda,
605 3292 640 3349 et
666 3285 758 3366 quod
788 3285 867 3348 hino
895 3285 975 3349 inde
1000 3287 1130 3368 captivi
1155 3287 1263 3350 libere
1290 3295 1326 3352 et

376 3385 507 3466 absque
543 3384 616 3447 ullo
651 3383 735 3447 dato
771 3384 1015 3448 redderentur:
1051 3387 1209 3466 sequenti
1242 3405 1325 3451 vero

375 3480 529 3547 Sabbato
558 3483 752 3547 licentiavit
778 3502 843 3545 rex
875 3503 957 3546 suos
989 3485 1090 3565 quasi
1126 3503 1256 3560 omnes
1291 3493 1326 3548 et

374 3581 531 3644 abierunt
554 3582 589 3644 in
624 3600 711 3662 pace
741 3581 785 3644 ad
814 3582 893 3645 loca
922 3601 997 3657 sua,
1030 3589 1103 3645 tam
1132 3589 1325 3647 castrenses

373 3696 476 3757 quarn
494 3679 692 3755 familiares,
710 3687 746 3742 et
769 3681 885 3744 caeteri
902 3682 961 3761 qui
976 3681 1115 3744 fuerant
1129 3681 1165 3742 in
1180 3681 1324 3745 ecclesia

372 3777 572 3840 constituti:
600 3777 761 3858 misitque
783 3797 860 3854 rex,
884 3779 926 3841 de
949 3779 1092 3842 consilio
1115 3779 1177 3841 filii
1205 3781 1260 3842 sui
1288 3787 1323 3843 et

405 3982 413 4012 ¹
432 3975 587 4038 ‘ceperant‚'
598 3975 655 4024 MS.
669 3975 763 4026 Lansd.
859 3977 1053 4040 Hemingburgb
1063 3993 1144 4026 seems
1152 3982 1178 4026 to
1189 3977 1253 4027 have
1265 3992 1324 4028 con-

403 4046 555 4108 ²Supplied
566 4046 629 4094 from
641 4045 699 4094 MS.
712 4045 806 4094 Lansd.
858 4045 970 4095 founded
992 4048 1055 4095 with
1078 4046 1120 4094 the
1145 4046 1204 4094 ltth
1226 4047 1255 4095 of
1279 4048 1322 4096 the

403 4111 483 4163 'The
505 4116 584 4164 battle
610 4115 640 4163 ul
664 4115 755 4164 Lewes
778 4129 833 4162 was
858 4116 961 4164 caleuds
980 4116 1010 4164 of
1023 4117 1103 4176 June,
1119 4130 1150 4164 as
1167 4115 1199 4164 he
1217 4115 1264 4164 bae
1282 4117 1322 4165 in·

365 4184 455 4245 fought
466 4200 498 4232 on
508 4185 551 4232 the
559 4184 619 4233 llth
630 4183 660 4232 of
669 4185 742 4247 May,
748 4183 832 4233 which
857 4186 941 4234 serted
952 4186 990 4235 St.
1002 4185 1144 4234 Dunstan's
1156 4185 1227 4245 Day.
