3134 4990
428 495 492 560 194
791 510 1003 558 canonicos

278 685 402 776 ff‘sshtffi
428 675 559 732 mater:
578 673 599 702 ‘⁴
609 666 788 744 Confide,’'
803 667 865 742 ait,
877 672 899 701 “
910 665 994 742 lilia,
1011 666 1094 747 quia
1108 687 1171 749 per
1186 675 1380 732 maternam

300 763 304 775 '
332 765 338 775 '
400 763 569 850 'operam
609 775 730 851 optato
774 766 916 848 potieris
958 767 1129 830 connubio
1147 768 1188 830 :”
1229 787 1383 848 moxque

264 869 575 939 a„2.1,„0„.eundem
610 867 801 931 Hauricum
834 865 925 946 regis
956 863 1151 947 Anglorum
1181 886 1225 930 cx
1260 886 1379 948 sorore

264 949 589 1049 immanem
619 966 760 1031 secretis
786 965 894 1028 literis
920 966 1119 1044 accersivit3
1151 968 1211 1048 qui
1235 965 1380 1030 festinus

265 1049 420 1141 fffflssss‘f's
429 1087 623 1142 accurrens,
637 1074 674 1131 ct
688 1065 779 1130 votis
794 1065 1048 1146 promptissime
1066 1083 1202 1146 parens,
1220 1066 1380 1131 tradente

264 1150 357 1200 ³⁸⁰²*
430 1175 552 1243 matre,
586 1166 745 1230 dilectam
784 1164 953 1246 virginem
986 1163 1120 1246 accepit
1150 1165 1186 1227 in
1219 1185 1377 1228 uxorem.

431 1266 626 1348 Imperator
648 1266 712 1333 boo
740 1263 895 1339 audiens,
918 1272 954 1327 et
984 1263 1028 1326 de
1052 1282 1221 1327 consensu
1242 1265 1378 1328 comitis

430 1365 495 1428 boc
525 1385 602 1428 esse
637 1365 768 1428 iactum
798 1363 952 1438 credens,
982 1362 1204 1427 vehementer
1234 1365 1270 1426 in
1300 1383 1378 1427 eum

431 1463 630 1540 excanduit,
653 1470 729 1527 turn
755 1464 837 1544 quia
857 1462 1022 1546 juvenem
1052 1461 1173 1526 oderat
1195 1470 1269 1526 tum
1296 1465 1380 1546 quia

430 1562 560 1627 lactum
586 1569 660 1626 erat
689 1563 789 1626 aliter
812 1581 917 1644 quam
939 1562 1088 1626 volebat.
1142 1561 1299 1644 Cumque
1325 1583 1379 1626 re·

431 1663 626 1745 spondisset
642 1662 758 1726 omnia
772 1681 848 1725 esse
868 1661 961 1724 facta
975 1660 1163 1726 secundum
1181 1662 1378 1746 conjugem,

432 1769 605 1843 praetextu
639 1761 819 1845 cujusdam
844 1761 1034 1844 juramenti
1063 1761 1154 1842 patri
1185 1761 1294 1844 ipsius
1320 1763 1380 1846 ju-

433 1861 529 1926 venis
543 1860 691 1943 praestiti
707 1860 750 1924 de
765 1860 881 1943 puella
898 1860 963 1923 sibi
983 1860 1224 1941 desponsanda
1241 1881 1318 1924 cum
1334 1863 1379 1925 ad

433 1980 543 2024 annos
569 1960 782 2042 pervenisset
809 1959 954 2035 nubiles,
978 1960 1160 2023 subintulit
1174 1961 1377 2044 imperator:

433 2065 457 2094 “
469 2060 605 2136 Vade,'’
620 2061 682 2137 ait,
700 2065 767 2124 “et
785 2059 954 2124 nebulone
973 2059 1033 2122 1110
1056 2059 1202 2142 expulso
1223 2060 1379 2124 rescinde

432 2159 525 2241 quod
542 2166 659 2224 actum
673 2159 760 2223 est.”
813 2158 859 2222 Et
879 2158 958 2222 ille:
986 2164 1010 2193 “
1023 2157 1140 2234 Noli,''
1156 2159 1280 2241 inquit,
1297 2161 1378 2224 “sic

432 2257 528 2338 loqui
558 2258 753 2339 imperator,
786 2277 865 2320 nam
895 2276 1059 2339 eousque,
1089 2265 1129 2321 ut
1158 2257 1294 2337 dicitur,
1324 2280 1378 2324 res

432 2357 508 2437 ipsa
530 2358 708 2438 processit,
730 2363 770 2420 ut
791 2358 923 2438 absque
939 2356 1146 2438 sempiterno
1165 2357 1277 2422 unicae
1299 2359 1379 2423 filiae

434 2475 519 2518 meae
534 2455 698 2520 dedecore
714 2456 860 2519 rescindi
877 2475 944 2519 000
961 2455 1107 2538 possit.’'
1158 2457 1205 2521 Et
1220 2478 1378 2522 reversus

434 2554 477 2618 ad
492 2555 632 2637 propria
651 2575 778 2637 genero
802 2575 865 2618 suo
880 2554 1005 2619 blande
1024 2555 1160 2620 locutus
1175 2563 1240 2633 est,
1256 2559 1377 2640 adopt-

434 2674 565 2736 ansquc
586 2675 664 2718 eum
686 2656 723 2717 in
745 2655 864 2730 filium,
882 2653 1045 2718 ‘filiam’¹
1070 2655 1209 2736 egregie
1231 2657 1376 2722 dotavit.

434 2752 559 2834 Sicque
578 2775 642 2816 rex·
662 2755 818 2818 Franciae
838 2754 920 2835 quia
943 2754 1116 2836 propriam
1136 2755 1379 2837 repudiaverat

433 2853 628 2934 conjugem,
647 2855 798 2934 ‘optatis
819 2853 1036 2934 speratisque
1056 2852 1128 2930 diu,
1150 2855 1217 2918 Dei
1232 2855 1377 2938 judicio,

434 2951 545 3013 caruit
568 2950 743 3032 nuptiis.'²
794 2951 918 3015 Plures
942 2953 1046 3014 etiam
1069 2952 1218 3017 foeminae
1235 2955 1379 3032 nobiles,

434 3067 478 3110 ex
501 3050 693 3131 postfacto
718 3051 920 3134 praedictum
942 3052 1136 3133 exemplum
1158 3053 1283 3134 puellae
1306 3056 1379 3119 Da·

435 3166 553 3211 corum
576 3157 746 3228 verentes,
769 3150 844 3233 ejus
871 3151 1143 3232 aspernabantur
1166 3152 1377 3235 conjugium.

436 3246 535 3312 Alias
553 3250 642 3312 enim
662 3269 741 3313 cum
757 3250 929 3332 quandam
950 3248 1120 3330 virginem
1136 3252 1380 3318 nobilissimam

435 3345 477 3410 dc
499 3349 642 3429 imperio
658 3349 873 3413 Theutonico
893 3349 1094 3429 expetisset,
1116 3348 1165 3412 sic
1187 3359 1271 3416 voto
1287 3352 1379 3416 irau-

435 3446 537 3510 datus
560 3456 613 3511 001
626 3467 634 3526 ;
646 3468 739 3512 cum
756 3449 848 3511 enim
869 3447 958 3510 alius
972 3449 1027 3511 vir
1049 3455 1173 3530 potens
1190 3469 1267 3512 eam
1285 3453 1380 3533 prius

434 3546 590 3623 petisset,
605 3554 639 3609 et
656 3567 678 3610 0
692 3547 891 3628 parentibus
909 3549 1039 3628 regiam
1056 3547 1167 3628 magis
1182 3550 1381 3631 petitionem

434 3642 694 3708 admittentibus
710 3645 754 3708 ad
772 3645 956 3708 Franciam
974 3648 1169 3728 pompatice
1187 3649 1381 3727 duceretur,

434 3741 671 3822 transiensque
697 3763 758 3824 per
784 3743 870 3807 11000
896 3746 992 3827 proci
1008 3745 1131 3828 prioris
1157 3746 1232 3830 ejus
1256 3768 1292 3812 00
1310 3769 1380 3813 ma-

374 3854 381 3872 ‘
433 3838 533 3901 nibus
556 3849 681 3922 sponte
712 3842 842 3925 injecit,
873 3863 895 3906 a
923 3864 992 3925 quo
1027 3845 1148 3908 volens
1177 3853 1313 3911 retenta
1343 3856 1378 3913 et

432 3937 633 4004 solemniter
648 3940 766 4017 ducta,
781 3941 878 4023 regia
893 3943 944 4005 sic
962 3951 1044 4007 vota
1061 3943 1198 4008 delusit.

467 4205 474 4234 ¹
493 4210 608 4259 Omitted
619 4213 645 4259 0
657 4213 714 4261 us.
725 4212 792 4262 coo.
803 4213 860 4262 rib.
939 4177 1384 4262 ‚⁸.‘⁰¹’¹⁸t‘1¹¹⁰⁸1'⁶¹³fi⁸⁹¹³²ij¹¹·
1439 4161 1447 4172 ’

919 4249 995 4313 (000,
1003 4253 1086 4300 caruit
1096 4253 1210 4317 invitus,'
1219 4255 1275 4305 MS.
1287 4255 1381 4307 Lansd.
