3122 4982
281 691 374 732 illehnrd
384 691 402 730 l.

276 742 335 781 Μ).
348 742 403 780 1199.
453 773 460 787 ,

264 797 310 864 l'he
320 823 395 873 Klnrr'n

264 875 377 924 penitonos

425 502 491 567 230
791 516 1001 564 canonicos

430 673 537 737 fidens
558 675 594 738 in
612 674 751 738 Christo
773 674 959 738 ‘crucifixo
972 671 998 706 ’²
1022 678 1056 736 et
1079 673 1115 734 in
1141 671 1379 736 misericordia
1467 711 1470 716 .

429 791 505 856 eJus
520 793 598 855 quac
614 781 667 838 est
679 792 785 856 super
801 773 917 837 omnia
933 791 1039 854 opera
1053 771 1142 856 ejus,
1158 772 1213 834 cui
1235 790 1376 853 promp-

429 872 499 950 tius
513 882 566 936 est
581 880 724 955 peccata
741 872 911 936 dimittere
925 891 1029 954 quam
1049 871 1223 953 peccatori
1239 871 1377 950 veniam

429 969 637 1053 postulare.’'
689 971 810 1036 Motus
823 972 941 1053 itaque
953 991 1017 1034 rex
1037 971 1074 1034 in
1088 970 1203 1035 verbis
1222 969 1378 1052 episcopi
1451 1023 1454 1028 .

429 1071 585 1153 prorupit
601 1072 636 1134 in
657 1070 852 1154 lachrymas
873 1078 909 1135 et
929 1071 993 1147 ait,
1015 1074 1038 1104 ‘⁸
1051 1069 1212 1133 Poenitco
1227 1067 1328 1132 valde
1343 1073 1379 1130 et

431 1170 645 1250 poenitentiae
680 1171 783 1252 signa
814 1169 947 1234 ridebis
981 1169 1155 1251 episcope,
1189 1175 1225 1231 et
1256 1165 1379 1230 testifi-

325 1249 329 1266 ’
429 1269 610 1332 caberis:''
636 1287 786 1350 moxque
811 1269 923 1333 accito
941 1267 1135 1332 consessore
1150 1286 1214 1330 suo
1231 1273 1378 1348 peccato

262 3361 304 3398 ond
314 3357 385 3406 dmth,

296 3411 367 3458 erdoy,

262 3459 323 3508 April
332 3462 352 3498 e.

429 1385 493 1429 sua
509 1367 631 1448 gravia
652 1387 733 1431 cnm
748 1367 913 1432 immenso
930 1366 1049 1432 dolore
1066 1365 1243 1431 confessus
1259 1372 1325 1441 est,
1340 1371 1377 1428 et

429 1464 630 1529 beneficium
648 1467 875 1531 absolutionis
890 1473 1117 1540 consecutus;
1141 1465 1376 1547 praecepitque

428 1563 494 1626 sibi
511 1565 616 1646 pedes
633 1565 735 1646 ligari
752 1573 787 1630 et
805 1567 841 1629 in
859 1566 969 1630 altum
992 1564 1156 1647 suspendi
1176 1563 1376 1643 nudumque

429 1681 552 1744 corpus
572 1663 718 1745 flagellis
735 1665 822 1728 caedi
837 1671 873 1728 et
885 1665 1042 1741 lacerari,
1058 1664 1167 1727 donec
1185 1663 1277 1726 idem
1299 1663 1376 1744 ipse

428 1763 629 1844 praeciperet
644 1771 683 1826 ut
698 1763 856 1828 silerent:
880 1782 1027 1846 cumque
1041 1764 1102 1826 diu
1119 1763 1310 1826 crederetur
1330 1760 1374 1824 ad

427 1860 598 1924 modicum
635 1881 679 1925 ex
716 1870 890 1945 praecepto
930 1858 1068 1946 ‘ejus'²
1110 1860 1298 1933 siluerunt;
1340 1867 1375 1923 et

427 1959 550 2022 iterum
570 1970 786 2044 reassumpto
808 1962 931 2044 spiritu
958 1962 1024 2026 hoc
1048 1961 1139 2024 idem
1162 1959 1315 2024 secundo
1339 1966 1376 2022 et

428 2059 529 2122 tortio
564 2059 601 2123 in
637 2061 848 2124 abundantia
886 2060 1066 2141 sanguinis
1105 2059 1374 2140 compleverunt.

427 2155 583 2221 Tandem
612 2159 648 2222 in
674 2179 711 2224 se
740 2167 913 2224 revertens
935 2159 1100 2241 praecepit
1120 2159 1286 2222 viaticum
1309 2157 1377 2220 sibi

427 2255 552 2332 afferri,
572 2264 662 2320 etse
680 2257 775 2322 velut
794 2259 1004 2340 proditorem
1029 2266 1064 2322 et
1088 2257 1228 2321 hostem·
1249 2262 1374 2319 contra

427 2354 602 2417 dominum
626 2375 725 2420 suum
752 2354 932 2438 ‘ligatis'³
957 2357 1103 2440 pedibus
1122 2376 1199 2420 cum
1225 2354 1376 2418 ‘sune'⁴

428 2452 531 2530 trahi,
546 2462 758 2538 acceptoque
766 2456 895 2520 viatico
912 2476 988 2521 cum
1004 2475 1133 2538 magna
1150 2455 1262 2519 cordis
1277 2473 1376 2518 reve·-

427 2553 539 2616 rentia
554 2560 589 2616 et
612 2562 759 2618 tremore
776 2555 914 2639 adjecit,
937 2555 1213 2620 “Misericordia
1232 2554 1376 2618 Domini

428 2670 555 2732 magna
570 2659 633 2731 est,
650 2673 728 2735 quae
745 2655 819 2718 vult
836 2673 955 2719 omnes
970 2656 1125 2720 homines
1142 2654 1259 2718 salvos
1274 2651 1372 2718 lieri:

424 2749 563 2831 justitia
582 2758 698 2815 tamen
714 2753 789 2835 ejus
804 2761 899 2817 recta
914 2762 980 2831 est,
999 2773 1077 2836 quae
1099 2754 1175 2817 vult
1195 2771 1295 2816 omne
1313 2753 1374 2815 de-

428 2846 548 2912 lictum
563 2848 733 2930 flagellari
746 2859 782 2914 et
797 2854 928 2934 puniri:
955 2849 1076 2917 verum
1091 2853 1127 2915 in
1142 2851 1377 2915 misericordia

428 2946 527 3028 ‘ejus
537 2943 568 2982 ’⁵
586 2948 762 3014 conlidens
777 2951 870 3016 etde
881 2953 1019 3035 justitia
1035 2952 1159 3015 timens
1174 2951 1254 3032 lego
1269 2969 1324 3013 me
1340 2958 1376 3014 et

427 3063 551 3127 corpus
582 3067 696 3112 meum
727 3051 900 3113 vermibus
932 3051 1191 3128 corrodendum,
1223 3050 1373 3113 animam

427 3152 542 3209 autem
572 3166 683 3212 meam
714 3168 824 3231 usqne
852 3151 888 3213 in
918 3150 1008 3214 diem
1035 3149 1159 3233 judicii
1185 3150 1266 3230 igne
1291 3168 1375 3230 pur-

426 3245 551 3324 gatorii
577 3247 797 3311 cruciandam
817 3249 854 3312 in
877 3268 939 3331 spe
963 3248 1206 3312 misem'cordiae
1231 3248 1311 3325 Dei,
1336 3248 1373 3310 in

425 3361 495 3423 qun
512 3344 614 3409 credo
630 3365 684 3408 me
700 3366 801 3429 posse
823 3348 952 3412 salvari
973 3349 1009 3413 in
1030 3348 1129 3411 illum
1150 3347 1275 3410 diem.''
1329 3346 1378 3411 Et

424 3441 490 3505 hiis
519 3443 620 3508 dictis
647 3446 783 3510 modico
812 3449 1007 3528 supervixit
1030 3455 1198 3529 tempore,
1224 3453 1260 3510 et
1284 3465 1378 3510 mor·

261 3558 410 3598 numnam
424 3547 505 3606 tuus
527 3548 590 3616 cst,
610 3544 835 3627 sepultusque
858 3539 968 3609 ‘est’0
986 3548 1093 3631 juxta
1114 3551 1248 3628 patrem
1274 3563 1376 3624 suum

261 3614 283 3646 at
292 3609 368 3648 Fonte·
425 3639 433 3652 .

261 3658 338 3697 vrnult.

422 3659 459 3702 nn
474 3643 682 3705 monasterio
698 3649 708 3678 ‘
722 3643 843 3708 Fontis
854 3644 880 3685 ’⁷
898 3646 1064 3721 Ebraudi,
1080 3663 1198 3708 mense
1219 3642 1382 3726 Aprilis,8

460 3891 466 3919 ¹
486 3893 600 3943 Omitted
610 3897 637 3944 in
649 3895 708 3946 MS.
719 3897 785 3947 cort.
798 3900 855 3949 Tib.
944 3898 955 3930 ⁷
973 3901 1088 3954 Omitted
1100 3905 1126 3952 in
1137 3903 1196 3953 MS.
1209 3903 1304 3952 [ransd.

456 3959 468 3992 '
484 3963 608 4026 Supplled
620 3967 682 4014 from
694 3967 750 4016 MS.
764 3969 858 4020 Lansd.
944 3969 955 3998 ¹
972 3971 1026 4022 me
1049 3973 1141 4035 King's
1170 3973 1312 4032 interment,
1334 3988 1379 4020 oc-

455 4029 466 4060 ⁸
482 4032 654 4098 ‘complosis‚’
667 4036 724 4086 MS.
737 4038 833 4088 Lansd.
909 4042 1015 4103 cording
1030 4047 1055 4090 to
1071 4042 1114 4091 the
1126 4041 1223 4090 Annulo
1235 4043 1264 4090 of
1272 4043 1381 4090 Waver·

455 4102 466 4132 ⁴
482 4105 592 4168 ‘equisss
603 4107 660 4156 MS.
673 4106 741 4157 Gott.
753 4107 810 4160 Tib.
909 4110 960 4174 ley,
971 4125 1027 4159 was
1043 4112 1185 4172 performed
1203 4127 1236 4160 on
1246 4112 1379 4172 Saturdoy

456 4171 467 4200 ⁸
484 4174 598 4224 Omitted
610 4177 637 4224 in
649 4176 706 4226 MS.
719 4177 786 4228 Coll.
798 4177 871 4228 Arm.
909 4179 951 4230 tlte
963 4181 1023 4230 loth
1034 4182 1063 4230 oi
1069 4182 1154 4243 April,
1189 4181 1305 4230 Annales
1316 4181 1381 4229 Wa-

455 4239 466 4270 ⁶
483 4244 608 4305 Supplied
618 4245 682 4298 from
694 4247 752 4297 MS.
763 4247 858 4298 Lonsd.
908 4250 996 4312 verlei,
1007 4251 1068 4301 Rer.
1079 4252 1147 4312 Aug.
1160 4250 1252 4312 Script.
1264 4251 1293 4299 ii.
1307 4255 1368 4300 ido.
