3116 4990
407 487 473 551 166
774 503 985 550 cunorucou

262 677 384 720 sternet.
407 662 589 725 sineterra
611 661 763 726 futurum
776 662 811 736 ;''
836 660 928 743 quod
953 658 1092 742 quidem
1106 661 1250 726 verbum
1265 680 1359 744 aegre

242 729 391 794 Q
407 761 488 824 tulit
502 762 597 826 dux:
625 761 854 827 dissimulavit
873 768 1002 837 tamen,
1017 761 1079 824 sed
1105 760 1267 826 hostilem
1283 763 1357 826 ani·

408 881 502 926 mum
520 859 695 945 ‘postea'²
710 862 911 939 declaravit,
931 868 971 924 ut
987 879 1051 924 suo
1065 861 1143 925 loco
1157 861 1291 926 dicetur
1305 863 1357 926 in-

407 961 523 1024 serius.

566 1093 692 1179 Eprosri
707 1103 779 1158 sunt
793 1095 883 1157 Acro
898 1103 1006 1158 contro
1021 1094 1202 1158 Saracenos.

246 1279 353 1369 illiti
350 1279 399 1370 13ss
461 1257 578 1340 Reges
593 1266 708 1324 autem
720 1278 782 1341 per
796 1259 869 1322 dies
882 1257 1016 1341 aliquot
1029 1258 1065 1324 in
1082 1258 1202 1322 eadem
1217 1258 1358 1326 civitate

245 1388 315 1429 my.
410 1367 595 1436 morantes,
613 1359 707 1423 sacta
730 1365 784 1423 est
805 1359 840 1422 in
862 1359 1016 1423 exercitu
1044 1359 1154 1422 fames
1174 1359 1356 1436 ‘valida,’²

410 1467 552 1542 propter
578 1458 682 1541 quod,
711 1459 964 1523 communicato
989 1457 1144 1535 consilio,
1166 1458 1357 1525 diviserunt

409 1558 499 1622 inter
528 1577 565 1624 se
592 1576 691 1640 reges
717 1557 950 1622 Christianum
978 1559 1179 1634 exercitum,
1208 1565 1243 1622 et
1266 1560 1357 1624 bono

408 1657 482 1723 zelo
498 1663 508 1693 ‘
523 1656 595 1723 ut'³
621 1664 742 1722 contra
767 1657 884 1723 hostes
908 1659 1064 1723 inimicos
1088 1659 1199 1722 crucis
1228 1658 1357 1724 Christi

409 1759 568 1840 bipertito
586 1757 820 1840 procederent.
873 1758 920 1822 Et
941 1778 1005 1824 rex
1034 1757 1172 1841 quidem
1199 1758 1357 1824 Francia

409 1877 486 1922 cum
509 1877 574 1922 suo
598 1858 764 1922 comitatu
794 1857 936 1922 divertit
961 1877 1023 1942 per
1048 1877 1152 1922 unam
1182 1858 1310 1924 dietam
1335 1879 1358 1923 a

409 1958 550 2022 civitate
574 1959 616 2022 ad
642 1957 815 2040 quoddam
841 1965 991 2022 castrum
1018 1958 1240 2023 fortissimum
1264 1959 1356 2024 obsi·

409 2057 572 2136 dandum,
587 2056 783 2140 petulanter
797 2058 926 2136 dicens,
940 2056 1032 2141 quod
1047 2077 1116 2121 non
1132 2058 1199 2123 nisi
1215 2057 1272 2122 vel
1294 2077 1356 2122 ex-

409 2166 564 2240 pugnato
586 2157 642 2222 vel
664 2156 797 2222 reddito
812 2164 926 2222 castro
949 2157 1159 2222 obsidionem
1185 2157 1356 2240 relinque-

408 2263 472 2320 ret.
524 2258 605 2322 Rex
634 2264 749 2321 autem
779 2255 916 2340 Angliae
940 2278 985 2322 ex
1015 2257 1126 2322 altera
1154 2264 1252 2340 parte
1277 2277 1356 2324 curn

408 2356 481 2419 suis
496 2357 656 2421 incedens
671 2363 706 2419 et
724 2357 803 2438 igne
817 2357 978 2441 ferroque
994 2357 1086 2422 viam
1112 2357 1178 2420 sibi
1201 2357 1356 2440 pandens

409 2475 473 2538 per
500 2463 578 2521 octo
607 2457 719 2520 dietas
750 2457 867 2520 omnia
897 2477 960 2540 pro
986 2457 1084 2522 libito
1110 2457 1355 2539 complanavit,

410 2554 622 2639 audiensque
659 2556 751 2638 quod
781 2576 844 2620 rex
874 2557 1031 2622 Franciae
1065 2556 1178 2621 adhuc
1201 2557 1238 2620 in
1264 2557 1354 2621 obsi·

409 2654 509 2720 dione
526 2656 619 2720 illius
642 2656 745 2720 castri
771 2656 856 2720 nihil
879 2656 1089 2739 proficiendo
1116 2664 1282 2734 maneret,
1306 2658 1356 2721 ait

409 2756 493 2832 suis,
519 2754 591 2818 “Si
606 2775 669 2820 rex
693 2755 905 2820 Francorum
922 2764 958 2820 et
978 2776 1042 2838 ego
1068 2756 1170 2837 longe
1192 2756 1355 2820 fuerimus

409 2854 453 2917 ab
479 2854 625 2950 invicem
650 2857 813 2936 separati,
828 2857 944 2920 veniet
968 2855 1057 2920 forte
1083 2855 1279 2933 SaladinuS,
1294 2857 1354 2938 qui

408 2971 510 3016 mouo
525 2954 625 3017 timet
647 2953 890 3036 conglobatum
912 2956 1115 3032 exercitum,
1132 2962 1168 3020 et
1189 2954 1297 3020 irruet
1318 2955 1355 3018 iu

409 3059 543 3134 partem
566 3061 762 3136 separatam
779 3055 809 3117 si
826 3055 998 3138 quomodo
1026 3075 1149 3120 nocere
1171 3055 1282 3137 possit
1298 3054 1355 3119 vel

408 3152 444 3216 in
463 3153 595 3216 viribus
618 3154 817 3236 praevalere,
841 3155 962 3219 melius
987 3161 1041 3218 est
1064 3175 1146 3236 ergo
1170 3162 1209 3218 ut
1240 3173 1355 3218 rever·

409 3259 524 3317 tamor
546 3254 591 3317 ad
614 3273 705 3331 eum,
728 3261 764 3317 et
787 3263 988 3336 expugnato
1013 3261 1140 3331 castro,
1166 3254 1354 3336 poterimus

408 3357 492 3417 tunc
508 3352 666 3418 incedere
683 3352 894 3436 conjunctim
909 3354 965 3418 vel
989 3353 1162 3419 divisim.”
1215 3353 1355 3418 Etcum

407 3441 533 3516 ibidem
565 3453 800 3518 declinaturus
831 3461 934 3529 esset,
966 3454 1166 3518 nunciatum
1199 3460 1252 3516 est
1281 3455 1355 3535 regi

409 3550 567 3616 Franciae
591 3553 634 3616 de
656 3553 807 3617 adventu
834 3553 910 3636 ejus
933 3553 1056 3617 festino
1082 3561 1117 3617 et
1133 3552 1355 3635 expeditione

406 3649 585 3727 laudabili,
619 3651 793 3732 quomodo
837 3652 983 3718 viriliter
1013 3671 1121 3734 agens
1150 3653 1187 3716 in
1217 3651 1353 3716 modico

405 3753 560 3831 tempore
585 3770 713 3831 magna
735 3752 902 3815 exercuit.
956 3751 1027 3831 Qui
1051 3752 1171 3816 accitis
1192 3751 1276 3828 suis,
1292 3751 1354 3828 ait,

405 3853 427 3881 “
442 3847 533 3911 Ecce
558 3869 621 3912 rex
651 3848 824 3912 Ricardns
854 3850 966 3928 adest,
992 3852 1053 3935 qui
1081 3858 1222 3915 strenue
1248 3869 1354 3931 agens

405 3946 582 4030 hucusque
620 3958 844 4032 prosperatus
875 3957 938 4027 est,
969 3957 1003 4013 et
1041 3969 1104 4014 nos
1142 3950 1223 4013 licet
1254 3948 1356 4014 multi

438 4172 446 4204 ¹
464 4177 589 4238 Supplied
601 4177 663 4226 from
676 4175 732 4227 MS.
747 4177 839 4227 Lansd.
926 4175 936 4206 ³
954 4177 1000 4226 ‘ut
1020 4178 1123 4241 dicitur,
1139 4173 1278 4239 quatinus,'
1296 4177 1355 4228 MS.

437 4242 447 4270 ¹
464 4243 631 4308 ‘pervalida'
644 4247 701 4298 MS.
716 4247 810 4297 Lansd.
892 4247 987 4297 Lansd.
