3128 4992
421 487 465 552 38
789 501 999 550 cuuomcon

272 676 363 766 3313
366 677 391 766 ⁰¹⁵
424 662 669 742 rumpebantur
695 657 749 724 vel
772 660 1032 741 respuebantur,
1058 658 1181 722 statuit
1201 664 1241 721 ut
1260 657 1375 721 nullus

264 753 411 791 -·’-’
424 760 583 824 denarius
606 759 661 824 vel
680 758 812 834 obolus,
842 778 928 839 quos
953 766 989 823 et
1014 757 1178 821 rotundos
1204 778 1278 821 esse
1297 758 1376 841 jus·

425 861 482 937 sit,
505 860 692 924 autetiam
722 858 895 940 quadrans
921 859 1056 939 integer
1082 864 1174 921 esset
1203 859 1232 920 si
1258 857 1375 938 aliqua

425 959 578 1023 fractura
606 960 641 1022 in
670 959 719 1022 eis
747 965 957 1035 remanerem
996 958 1031 1019 in
1060 977 1129 1039 quo
1160 956 1252 1021 sacto
1277 975 1375 1037 mag-

262 1071 390 1118 celowtor
425 1078 506 1124 uum
528 1059 643 1122 evenit
664 1057 877 1122 commodum
903 1058 969 1122 toti
990 1075 1107 1138 regno.
1174 1055 1377 1119 Statuerunt

261 1121 377 1221 ddddff
425 1160 530 1223 etiam
559 1157 807 1239 archiepiscopi
842 1164 878 1221 et
910 1156 1061 1238 episcopi
1097 1175 1174 1218 cum
1204 1156 1307 1232 clero,
1337 1163 1377 1219 ut

425 1258 627 1340 presbyteri,
653 1257 799 1332 diaconi,
828 1256 1039 1332 subdiaconi,
1061 1261 1156 1319 caste
1181 1256 1311 1331 vivant,
1342 1262 1378 1318 et

426 1357 570 1420 seminas
593 1357 628 1419 in
652 1356 810 1419 domibus
833 1357 904 1420 suis
927 1375 994 1419 nou
1019 1355 1180 1431 babeant,
1195 1356 1260 1417 nisi
1289 1354 1378 1418 forte

425 1457 461 1519 in
494 1456 652 1537 proxima
683 1456 979 1537 consanguinitate
1009 1455 1222 1539 conjunctas,
1257 1473 1379 1518 secun-

427 1554 508 1618 drun
533 1553 625 1636 quod
648 1554 793 1619 Nicaena
815 1554 965 1637 synodus
987 1552 1163 1628 diffinit-iu
1188 1561 1224 1617 et
1244 1555 1274 1617 si
1293 1553 1378 1616 duo·

426 1656 492 1718 bus
525 1662 587 1718 aut
627 1654 736 1717 tribus
768 1652 931 1735 legitimis
967 1655 1113 1717 testibus
1147 1660 1208 1717 aut
1240 1652 1380 1734 publica

427 1753 711 1836 parochianorum
743 1752 836 1817 sama
869 1753 1046 1818 convictus
1076 1752 1179 1816 filerit
1207 1754 1284 1834 quis
1313 1752 1379 1814 hoc

428 1859 598 1918 statutum
620 1850 780 1930 violasse,
805 1853 967 1934 purgabit
994 1873 1032 1916 se
1061 1851 1231 1937 adjunctis
1252 1851 1380 1915 ordinis

428 1954 482 2017 sui
504 1971 620 2016 secum
640 1952 770 2016 idoneis
785 1953 943 2029 testibus,
960 1968 1010 2016 vl.
1027 1953 1056 2015 si
1073 1953 1253 2034 presbyter
1266 1951 1380 2027 suerit,

429 2054 460 2115 si
485 2052 649 2117 diaconus
673 2067 736 2128 1V.,
760 2052 790 2115 si
806 2051 1035 2118 subdiaconus
1059 2067 1112 2129 11.,
1127 2052 1186 2133 qui
1205 2057 1321 2115 autem
1346 2050 1381 2112 in

429 2152 633 2233 purgatione
658 2150 831 2228 defecerit,
860 2151 964 2235 hujus
992 2151 1081 2214 sacri
1110 2151 1234 2214 statuti
1263 2169 1380 2214 cense-

429 2252 523 2314 bitur
543 2250 702 2315 violator.
755 2249 954 2332 Presbyteri
978 2258 1095 2314 autem
1118 2251 1177 2332 qui
1199 2249 1305 2314 divini
1330 2249 1383 2312 al·

432 2349 516 2413 taris
540 2357 575 2412 et
600 2349 728 2413 ordinis
751 2349 805 2412 sui
828 2352 918 2413 sacri
942 2356 1193 2431 contemptores
1217 2349 1381 2424 existunt,

431 2447 669 2530 praeeligentes
693 2467 772 2511 cum
803 2449 1000 2513 mulieribus
1026 2450 1191 2525 habitare,
1218 2467 1240 2512 a
1267 2448 1382 2512 divino

432 2545 542 2610 officio
562 2547 695 2623 remoti,
705 2547 865 2629 omnique
883 2549 1115 2613 ecclesiastico
1133 2547 1298 2612 beneficio
1314 2549 1383 2628 pri·

434 2647 517 2723 vati,
553 2652 654 2710 extra
681 2647 822 2710 chorum
845 2655 1027 2730 ponantur,
1051 2657 1087 2712 et
1108 2654 1312 2712 censeantur
1331 2648 1383 2709 in-

434 2746 564 2824 fames3
603 2747 663 2827 qui
700 2765 781 2812 vero
820 2747 956 2812 rebellis
986 2749 1151 2823 extiterit,
1181 2755 1216 2812 et
1246 2747 1384 2809 missam

435 2845 606 2908 celebrare
620 2847 886 2928 praesumpserit,
900 2847 944 2910 ad
955 2847 1223 2912 satisfactionem
1233 2853 1386 2921 vocetur,

435 2963 540 3025 quam
574 2945 603 3008 si
636 2964 704 3008 non
735 2944 853 3009 fecerit
889 2948 1223 3010 excommunicetur:
1267 2945 1386 3008 eadem

437 3043 541 3106 etiam
571 3044 739 3108 sententia
767 3053 883 3109 teneat
907 3053 942 3110 et
967 3047 1051 3128 liget
1073 3045 1329 3109 archidiaconos
1352 3053 1387 3108 et

436 3142 618 3206 canonicos
642 3163 770 3207 omnes.
831 3144 1005 3209 durabunt
1027 3146 1131 3210 etiam
1158 3144 1387 3209 archidiaconi

437 3241 529 3323 quod
544 3243 723 3324 pecuniam
739 3262 806 3307 non
821 3245 989 3327 accipient
1003 3263 1066 3326 pro
1081 3243 1258 3309 toleranda
1275 3250 1387 3308 trans·

437 3341 611 3423 gressione
639 3342 744 3426 hujus
779 3345 902 3408 statuti
933 3343 1089 3420 salubris,
1122 3364 1183 3407 neo
1215 3344 1390 3426 patientur

437 3443 656 3525 presbyteros
680 3461 767 3523 quos
789 3443 902 3507 sciunt
926 3443 1068 3506 feminas
1091 3443 1216 3506 babere
1231 3443 1286 3506 vel
1305 3462 1385 3506 can-

439 3551 513 3603 tare
535 3542 658 3604 missas
674 3541 729 3604 vel
745 3542 890 3605 vicarios
909 3561 972 3624 pro
994 3561 1031 3606 se
1046 3543 1271 3606 constituere:
1296 3543 1389 3605 simi·

439 3637 517 3700 liter
527 3637 695 3720 jurabunt
709 3647 745 3702 et
758 3640 899 3704 decani:
924 3642 1015 3722 quod
1031 3643 1060 3705 si
1075 3641 1195 3724 jurare
1209 3641 1390 3716 noluerint,

440 3734 752 3800 archidiaconatum
777 3744 811 3801 et
834 3737 1038 3804 decanatum
1054 3740 1207 3822 perdant.
1260 3740 1391 3803 Eodem

440 3853 530 3896 auno
559 3834 594 3896 in
617 3836 855 3915 Barucscbire,
883 3839 918 3901 in
940 3839 1017 3904 loco
1045 3841 1105 3921 qui
1129 3839 1253 3904 dicitur
1279 3839 1390 3902 Ham·

441 3933 548 4010 stede,
564 3934 660 3998 visus
678 3944 731 4001 est
752 3956 774 4000 a
788 3938 905 4002 multis
921 3940 1061 4020 sanguis
1079 3938 1122 4002 de
1138 3947 1230 4003 terra
1244 3937 1391 4002 effluere.

455 4108 522 4171 Bac
542 4110 760 4192 transfretavit
778 4111 813 4174 io
827 4111 1071 4188 Noumenion,
1089 4112 1211 4196 strepit
1227 4110 1380 4175 Comitem.

280 4261 409 4302 unum.
491 4246 592 4310 Auno
621 4248 760 4312 Domini
790 4265 900 4312 mom.
937 4271 999 4314 rex
1030 4251 1203 4316 Henricus
1233 4272 1394 4332 maguam
