3130 4990
414 508 582 556 waurunr
606 507 654 554 nn
676 508 960 556 uuurucnuncu.
1084 492 1150 555 307

197 661 300 737 ensis,
320 663 372 726 vir
391 663 512 744 utique
534 663 661 727 nobilis
689 671 725 728 et
748 663 937 737 discretus;
962 671 997 728 et
1012 663 1148 728 Willel-
1173 674 1302 764 fffgfrlgg·

197 777 273 822 mus
287 761 395 824 frater
411 763 547 826 comitis
563 761 773 838 Gloverniae,
792 764 846 827 vir
866 763 1146 827 commendabilis
1161 752 1312 790 “·····*

197 865 232 920 et
246 865 408 922 strenuus
422 880 430 938 ;
454 862 529 942 ipse
541 861 645 926 etiam
660 880 775 926 comes
787 861 998 937 Gloverniae,
1010 863 1046 925 in
1062 882 1146 926 cura

195 956 390 1022 medicinali
414 977 525 1040 usque
561 960 605 1024 ad
633 958 916 1041 Assumptionem
945 961 1144 1041 persistens,
1177 955 1178 958 '

195 1055 929 1132 eumdifficultatemaximamortemevasit;
948 1058 1146 1124 ceciderunt

194 1155 285 1216 enim
300 1157 361 1236 pili
382 1177 428 1220 ex
451 1158 565 1239 capite
590 1157 666 1240 ejus
687 1165 722 1222 et
747 1177 880 1239 ungues
904 1177 950 1221 ex
974 1158 1144 1235 manibus,

194 1253 306 1318 noluit
321 1263 436 1319 antem
461 1257 619 1320 domiuus
643 1263 742 1320 tanto
764 1257 980 1344 necessitatis
996 1257 1143 1321 articulo

192 1358 228 1414 et
243 1357 314 1415 tam
330 1355 480 1418 evidenti
490 1355 643 1438 periculo
657 1356 767 1436 ipsius
781 1357 967 1437 praeseutia
978 1354 1143 1436 Angliam

195 1451 348 1516 viduari:
374 1473 453 1535 qnae
468 1454 606 1535 quidem
625 1455 749 1519 seditio
766 1454 930 1536 imposita
946 1455 1015 1518 suit
1029 1462 1065 1518 et
1080 1457 1143 1518 im.

193 1557 317 1630 putata
339 1553 473 1616 cuidam
494 1554 595 1617 militi
608 1551 767 1617 Waltero
790 1555 833 1618 de
855 1552 1085 1636 ‘Scotenay,'¹
1108 1561 1144 1619 et

193 1648 237 1710 ad
250 1649 424 1731 appellum
435 1653 621 1716 comitissae
636 1653 678 1716 de
693 1652 816 1716 Insula
830 1653 1141 1736 comprehenditur,

189 1745 378 1828 judicatur,
392 1757 426 1814 et
442 1751 601 1815 trahitur.
655 1750 824 1815 Videntes
839 1753 946 1832 igitur
960 1759 1142 1831 magnates

192 1846 347 1926 pericula
375 1849 495 1926 multa,
520 1870 584 1913 nec
613 1849 776 1931 expedire
805 1851 840 1911 in
867 1849 1029 1930 praesenti
1060 1869 1142 1912 con·

191 1944 307 2007 silium
342 1948 508 2024 revelare,
537 1950 738 2013 clauserunt
766 1948 925 2010 ordinata
954 1954 989 2010 et
1017 1947 1141 2026 sigillis

190 2043 405 2125 singulorum
421 2048 630 2124 munierunt,
645 2053 837 2110 statuentes
852 2046 942 2110 diem
958 2052 1101 2122 certum,
1119 2065 1141 2108 a

189 2141 280 2206 festo
296 2145 408 2208 sancti
430 2145 613 2210 Michaelis
629 2147 666 2209 in
686 2161 749 2208 xv.
772 2145 857 2220 dies,
872 2152 912 2207 ut
925 2162 1043 2207 omnes
1058 2163 1138 2207 con·
1154 2150 1247 2249 2333·

189 2243 346 2306 venirent
369 2243 570 2321 Loudoniis,
593 2253 629 2308 et
655 2251 772 2308 essent
797 2243 909 2324 parati
933 2261 1010 2306 cum
1035 2244 1139 2306 armis
1249 2228 1254 2238 ⁸

189 2340 233 2402 ad
265 2341 511 2421 perficiendum
541 2345 633 2424 qnod
661 2344 870 2426 inceperant.
922 2340 1139 2407 Adveniente
1154 2346 1285 2437 {gilffi

188 2439 297 2518 igitur
319 2440 374 2503 die
395 2449 630 2506 convenerunt
652 2461 783 2518 omnes,
799 2450 835 2506 ct
857 2441 1002 2522 singulis
1018 2441 1139 2506 diebus

190 2538 291 2618 quasi
317 2559 379 2620 per
398 2560 549 2604 mensem
573 2542 743 2622 integrum
763 2531 806 2602 ¹iu
832 2540 985 2603 consiliis
1012 2541 1138 2621 persis-

189 2636 309 2700 tebant
321 2645 355 2701 et
367 2640 493 2703 armis:
511 2640 649 2703 tandem
667 2639 846 2720 publicata
863 2645 945 2702 snut
963 2638 1089 2714 omnia,
1104 2645 1140 2700 ct

187 2737 387 2800 executioni
401 2738 636 2819 potentialiter
652 2738 870 2802 demandata.

269 2959 426 3034 Quomodo
436 2961 588 3044 poeuituit
602 2961 689 3024 Rea:
712 2969 740 3024 et
756 2959 794 3025 de
809 2957 951 3061 Arbitrio
964 2961 1057 3044 elya

584 3060 742 3122 Frouciae.

237 3227 429 3292 Publicatis
450 3229 594 3293 statutis
618 3235 654 3290 et
682 3226 879 3290 executioni
907 3223 1135 3300 demandatis,
1149 3230 1278 3271 A·1>·¹²⁶¹·

162 3327 436 3410 displicuerunt
457 3326 566 3390 multa
592 3326 667 3406 regi
683 3331 718 3389 et
737 3323 900 3406 poenituit
922 3341 1000 3385 eum
1016 3321 1065 3385 sic
1078 3323 1136 3404 ju·

185 3445 293 3501 rasse,
308 3426 381 3502 sed,
407 3426 490 3507 quia
507 3426 666 3489 resistere
681 3442 750 3486 non
773 3422 889 3506 potnit
903 3440 948 3485 ex
974 3422 1135 3502 abrupto,
1162 3500 1166 3508 Ι

183 3523 417 3588 dissimulavit
445 3524 490 3587 ad
527 3532 683 3605 tempus3
716 3541 863 3603 cumque
893 3520 1012 3601 elapso
1045 3539 1135 3582 auno

184 3642 255 3686 non
268 3622 400 3687 videret
416 3642 465 3699 se,
481 3629 520 3685 ut
545 3623 786 3704 promiserant,
802 3639 823 3684 a
841 3618 965 3683 debitis
988 3618 1135 3683 relevari

184 3721 244 3784 sed
259 3723 370 3802 magis
386 3722 535 3799 onerari,
549 3722 585 3784 in
602 3720 750 3786 multum
768 3719 955 3796 condoluit,
969 3724 1005 3782 et
1020 3719 1134 3782 missis
1147 3719 1255 3810 {mit

183 3820 228 3882 ad
253 3839 379 3901 papam
403 3821 536 3884 nunciis
564 3819 678 3900 quoad
719 3826 973 3882 sacramentum
997 3819 1133 3899 praesti·
1146 3819 1245 3860 ΜΝ·

182 3925 257 3981 tum
291 3919 517 3982 absolutionis
538 3919 740 3982 beneficium
769 3923 974 3980 consecutus
1005 3913 1076 3978 θεῖ’
1099 3921 1133 3976 et
1147 3870 1217 3909 mm

218 4161 233 4192 ¹*
251 4165 260 4192 ‘
272 4165 412 4227 Steteuye,'
441 4166 498 4214 MS.
532 4165 643 4224 Lansd.;
705 4153 1133 4223 ²Thessuuotnbrolutiongrant-

177 4233 187 4260 ‘
194 4232 342 4297 Stouenay,'
354 4235 411 4283 MS.
424 4233 493 4284 cett.
504 4233 561 4284 Tib.
669 4233 701 4282 cd
713 4234 748 4294 by
758 4232 905 4282 Alexander
919 4232 966 4280 IV.
978 4233 1001 4280 is
1012 4231 1089 4280 dated
1108 4235 1135 4282 et

952 4331 1004 4375 xi
